1732 3014
787 180 845 222 23

351 321 856 379 OBSERVATIO
902 322 1270 380 SEPTfflr-x.

740 419 875 426 ——-—-

480 485 525 518 4.
580 483 725 521 AVES
766 482 1134 524 COLUMBJNAE.

391 597 854 655 Columba
934 602 1223 657 livia.

249 695 452 736 Nervus
493 709 662 747 vagus
705 697 742 735 in
773 697 906 737 canale
944 709 1016 750 per
1047 711 1160 753 quem
1192 700 1276 740 exit
1316 711 1337 738 e
1368 702 1502 741 cranio

111 776 278 817 parvum
317 764 438 805 efficit
476 764 695 817 ganglion,
745 767 864 818 atque
904 768 1047 818 postea
1090 780 1197 807 ramo
1238 753 1411 808 demisso
1451 769 1503 809 ad

111 843 274 872 nervum
305 832 727 886 glossopharyngeum
759 834 916 874 solitam
945 837 1201 889 persequitur
1233 836 1499 876 directionem.

248 902 451 942 Nervus
491 901 1035 955 glossoRharyngeus
1074 906 1205 944 Granio
1236 905 1374 946 relicto
1405 918 1500 944 mox

110 969 231 1010 efficit
260 972 456 1023 ganglion
486 972 524 1010 in
553 971 659 1024 quod
689 984 818 1011 ramus
842 973 956 1012 nervi
978 975 1076 1024 vagi
1097 973 1314 1014 descendit.
1373 972 1500 1013 Paulo

107 1044 202 1092 post
217 1052 364 1081 nervus
385 1042 424 1080 in
444 1043 527 1080 tres
549 1040 738 1080 scinditur
755 1053 899 1093 ramos,
931 1054 1093 1094 quorum
1119 1043 1268 1093 primus
1290 1041 1498 1081 descendit

107 1110 158 1149 ad
202 1109 475 1161 oesophagum
522 1109 764 1160 dispergens
803 1109 975 1149 ramulos
1015 1110 1054 1149 in
1103 1122 1201 1149 eum.
1289 1110 1502 1150 Secundus

105 1191 200 1219 mox
230 1178 462 1219 distrahitur
492 1179 530 1217 in
559 1177 678 1217 multa
707 1178 795 1230 fila,
831 1191 932 1232 quae
961 1179 1000 1219 in
1030 1177 1282 1231 pharyngem
1313 1178 1498 1219 dilabun-

106 1249 183 1288 tur.
244 1248 407 1288 Tertius
430 1260 528 1287 vero
551 1246 762 1287 secundum
794 1258 913 1286 cornu
932 1247 1096 1298 linguae
1114 1260 1297 1300 prorsum
1317 1259 1501 1298 vergens

106 1316 172 1356 fila
202 1317 333 1356 tenuia
364 1317 524 1356 dimittit
563 1316 613 1355 ad
642 1315 840 1355 musculos
881 1317 947 1369 qui
977 1316 1153 1367 linguam
1183 1316 1397 1368 projiciunt
1428 1327 1497 1354 re—

105 1384 342 1438 trahuntque
374 1387 414 1425 et
442 1386 608 1437 propter
632 1384 842 1436 laryngem
865 1385 1052 1437 jungitur
1082 1380 1165 1424 cu'm
1197 1384 1353 1424 surculo
1382 1384 1500 1424 nervi

104 1452 376 1505 hypoglossi3
425 1455 504 1492 tum
551 1453 671 1492 multa
718 1453 781 1492 fila
821 1453 989 1504 praebet
1028 1453 1273 1492 membranae
1311 1464 1498 1492 mucosae

98 1522 221 1574 juxta
257 1523 390 1561 rimam
419 1522 606 1572 glottidis
637 1524 892 1575 extremaque
922 1523 1037 1573 parte
1068 1522 1106 1561 in
1136 1521 1297 1573 linguae
1336 1520 1499 1560 dorsum

106 1590 304 1630 dilabitur.
1007 1643 1010 1646 ‚

243 1645 451 1699 Nervus
491 1657 852 1711 hypoglossus
899 1659 1004 1697 tenui
1045 1670 1067 1697 a
1108 1669 1232 1697 nervo
1274 1669 1385 1708 vago
1426 1668 1494 1696 re-

104 1731 219 1781 cepto
251 1728 316 1767 filo
349 1726 623 1779 oesophagum
663 1727 958 1777 transgreditur
995 1726 1191 1766 surculum
1230 1738 1385 1765 sursum
1418 1725 1492 1765 de—

103 1799 266 1838 flectens
288 1798 353 1851 qui
373 1795 614 1836 cenum-titur
645 1808 727 1835 cum
748 1808 871 1835 nervo
893 1794 1292 1847 glossopharyngeo.
1337 1794 1494 1835 Deinde

103 1879 251 1907 nervus
283 1878 426 1905 ramum
466 1864 629 1915 emittit,
671 1866 736 1917 qui
769 1863 980 1902 secundum
1018 1862 1216 1903 tracheam
1247 1862 1495 1903 descendens

102 1936 179 1976 filis
212 1947 295 1974 eam
326 1934 574 1984 conspergit.
633 1932 733 1971 Tum
764 1945 917 1972 sursum
947 1931 1114 1972 tendens
1133 1931 1343 1983 laryngem
1370 1943 1491 1984 prae-

104 2004 371 2055 tergreditur,
419 2001 654 2054 surculoque
696 2001 745 2040 ad
785 2000 996 2040 musculum
1042 1999 1493 2040 furcula—trachealem

104 2073 265 2113 dimisso
296 2071 416 2110 intrat
452 2071 491 2109 in
520 2070 683 2121 linguae
714 2068 960 2121 superficiem
997 2069 1220 2109 inferiorem
1252 2069 1317 2109 ubi
1354 2070 1392 2108 in
1421 2080 1490 2109 ra-

103 2143 190 2182 dios
230 2141 460 2191 dissipatur.

194 2206 199 2209 χ
239 2210 444 2249 Nervus
483 2206 796 2257 trigeminus
839 2205 960 2246 efficit
997 2205 1194 2257 ganglion
1231 2204 1397 2247 Gasseri
1438 2218 1489 2246 ex

102 2291 179 2333 quo
211 2278 249 2317 in
280 2277 489 2316 canalibus
512 2276 642 2315 osseis
673 2274 934 2325 egrediuntur
963 2273 1003 2313 hi
1034 2269 1155 2315 ram‘i:

240 2345 356 2386 Ram
369 2358 422 2384 us
474 2343 860 2396 ophthalmicus
911 2356 934 2383 a
975 2345 1090 2395 parte
1135 2342 1322 2382 inferiore
1369 2342 1489 2394 juxta

101 2426 264 2454 nervum
304 2415 472 2465 opticum
501 2414 686 2465 penetrat
716 2413 752 2452 in
784 2413 971 2464 orbitam,
1011 2423 1181 2464 moxque
1212 2412 1366 2450 tenuem
1396 2423 1489 2450 sur-

103 2483 228 2523 culum
266 2483 385 2522 mittit
431 2482 481 2521 ad
519 2481 715 2532 ganglion
761 2481 907 2521 eiliare.
977 2480 1077 2519 Tum
1117 2491 1280 2519 nervum
1320 2480 1490 2531 optieum

104 2550 421 2604 supergrediens
454 2552 557 2592 intus
589 2550 725 2602 pergit
756 2551 872 2603 atque
903 2552 1044 2601 postea
1075 2549 1174 2589 inter
1205 2548 1359 2590 hulhnm
1392 2549 1492 2589 oculi
