1732 3014
911 307 972 351 38

256 440 347 468 vum
378 441 524 479 vagum
554 440 696 468 ramum
726 428 954 482 plerumque
985 440 1231 480 perorassum
1264 429 1438 480 dirigere
1469 429 1506 470 in
1535 443 1627 470 ner-

254 509 345 536 vum
387 496 819 548 glossopharyngeum.
888 496 1000 536 Unde
1041 497 1301 548 conjecturam
1342 510 1484 550 capere
1523 497 1628 550 licet,

255 576 325 604 eos
354 578 506 616 ramos,
546 566 611 618 qui
641 565 745 616 apud
775 566 968 617 psittacos
1001 577 1022 604 e
1053 566 1179 617 stirpe
1207 568 1319 606 nervi
1350 568 1450 616 vagi
1482 566 1630 621 directe

253 632 415 672 tendant
444 634 482 672 in
509 633 705 685 linguam,
746 634 850 684 apud
883 645 981 673 aves
1013 646 1111 686 quas
1140 647 1213 673 nos
1244 635 1282 674 in
1312 635 1630 674 observationem

252 701 435 741 duximus
466 702 695 754 conjunctos
726 714 808 741 cum
831 702 906 743 filis
927 703 1040 742 nervi
1067 702 1439 756 glossopharyngei
1461 703 1510 743 ad
1530 715 1628 742 eun-

253 769 339 810 dem
368 772 580 823 pervenire
609 771 749 810 locum.
836 819 837 823 Ἰ

387 838 432 878 In
464 839 692 879 difficultate
729 840 856 878 autem
887 851 1112 892 versamur,
1154 842 1188 879 si
1219 843 1394 881 statuere
1434 851 1628 889 conamur,

251 909 432 960 quantum
468 920 616 948 nervus
656 907 1060 959 glossopllaryngeus
1110 908 1254 948 haheat
1294 910 1475 949 momenti
1522 907 1629 960 apud

249 988 369 1029 aves,
418 976 505 1015 dum
546 989 702 1016 sensum
750 978 980 1028 respicimus
1020 978 1297 1027 gustatorium.
1374 977 1462 1017 Hoc
1498 978 1627 1016 tamen

249 1047 401 1086 constat
410 1074 423 1101 ³
456 1058 540 1085 eum
569 1046 608 1085 in
640 1045 713 1085 liae
735 1046 950 1085 animalium
982 1046 1109 1085 classe
1135 1046 1225 1098 plus
1253 1047 1431 1086 conferre
1462 1045 1511 1085 ad
1532 1057 1626 1085 sen-

247 1113 473 1154 sibilitatem
501 1115 663 1165 linguae
697 1127 809 1168 quam
838 1116 876 1154 in
905 1115 1190 1168 llialnmalihlls,
1220 1128 1293 1156 nec
1322 1117 1446 1157 minus
1476 1114 1626 1167 proba—

245 1182 325 1222 bile
355 1186 441 1235 est,
480 1196 643 1223 nervum
674 1196 822 1234 vagum
854 1184 1031 1236 ejusdem
1060 1186 1229 1225 muneris
1259 1186 1489 1237 participem
1519 1194 1623 1223 esse.

382 1252 713 1293 Praetereundum
734 1254 901 1306 denique
933 1267 1009 1293 non
1040 1253 1158 1294 habui
1177 1255 1386 1306 pulposum
1416 1254 1520 1293 illum
1549 1265 1625 1292 no-

245 1319 357 1373 dum,
397 1334 509 1374 quem
538 1322 707 1361 vidimus
737 1324 775 1360 in
807 1323 964 1361 ossibus
997 1323 1369 1362 intermaxillarihus
1398 1321 1624 1371 Meleagri—

245 1388 307 1428 dis
352 1390 636 1442 gallopavonis
678 1392 795 1443 atque
834 1391 934 1440 galli
976 1392 1193 1431 domestici.
1225 1376 1230 1382 ¹
1262 1391 1519 1431 Liberalitate
1560 1389 1621 1428 Ill.

246 1456 463 1513 d'Alton
499 1458 590 1497 mihi
631 1471 858 1498 eoncessum
900 1460 973 1498 suit
1018 1460 1269 1511 complurium
1314 1461 1443 1499 avium
1494 1459 1623 1510 capita

243 1524 320 1566 huc
350 1528 577 1594 respicienti
609 1527 849 1580 ohservare3
888 1529 946 1567 sic
976 1529 1147 1568 ciconiae
1186 1529 1349 1580 nigrae,
1388 1527 1507 1567 otidis
1537 1528 1622 1566 tar-

247 1594 334 1647 dae,
365 1595 508 1635 ardeae
539 1597 731 1648 cinereae,
761 1598 921 1649 psittaci
951 1596 1240 1650 ochroeephali,
1271 1598 1380 1637 corvi
1411 1595 1635 1647 glandarii,.

242 1664 283 1703 in
315 1664 454 1718 quibus
495 1665 672 1704 omnibus
710 1666 887 1705 invenire
927 1664 1028 1718 hunc
1068 1666 1209 1705 nodum
1249 1665 1341 1705 mihi
1381 1666 1619 1715 denegatum

244 1731 332 1772 fuit.
390 1731 434 1772 In
472 1732 558 1772 sola
597 1733 751 1772 numida
779 1732 1030 1784 Meleagride
1052 1734 1178 1773 ‘illum
1215 1735 1347 1786 reperi
1378 1735 1424 1772 in
1461 1731 1620 1772 maxilla

247 1802 288 1841 et
315 1801 519 1853 superiore
563 1802 603 1840 et
641 1801 838 1841 inferiore.
896 1802 997 1842 Num
1027 1801 1090 1842 hie
1127 1803 1253 1842 nodus
1295 1802 1433 1854 plexui
1473 1799 1618 1840 dentali

245 1871 441 1922 superiori
469 1869 661 1910 hominum
688 1871 928 1923 respondeat
954 1884 1142 1924 quaerere
1172 1871 1464 1923 persuademur.
1523 1868 1617 1908 Me-

245 1940 395 1979 moratu
433 1940 560 1978 tamen
600 1939 760 1989 dignum
802 1942 888 1991 est,
939 1952 1049 1992 eum,
1096 1942 1138 1980 ut
1176 1952 1229 1979 ex
1270 1937 1616 1979 observationibus

246 2007 400 2060 quidem
431 2020 551 2059 supra
582 2009 772 2048 enarratis
803 2007 939 2058 colligi
968 2010 1126 2061 potest,
1157 2020 1343 2062 nusquam
1373 2006 1464 2047 alibi
1498 2006 1615 2045 inve-

245 2076 341 2128 niri,
389 2076 464 2115 nisi
496 2076 532 2115 in
565 2075 706 2116 avibus
738 2076 984 2127 gallinaceis.
