1732 3014
837 259 865 301 8

160 376 425 427 dispergens,
462 376 662 427 perforat,
695 380 735 416 et
764 378 864 415 inter
896 374 1107 414 musculum
1136 375 1250 415 niodo
1272 375 1415 415 dictum
1434 378 1552 429 atque

161 444 372 483 musculum
418 443 739 495 niylohyoideun}
785 441 1042 497 ohiiqnuinb)
1089 443 1274 494 jungitur
1317 457 1401 483 cum
1446 456 1551 484 ramo

159 513 272 551 nervi
312 513 419 551 tertii
460 523 482 550 e
512 512 681 562 ganglio
719 513 831 551 nervi
872 511 1260 563 giossopharyngei.
1320 512 1469 551 Postea
1508 523 1552 550 se

159 582 312 620 confert
349 581 399 619 ad
430 581 593 631 linguae
624 580 806 629 dorsum,
849 581 960 631 cujus
992 579 1200 618 denticulis
1240 582 1394 620 corneis
1427 592 1553 633 usque

158 650 208 688 ad
239 649 403 699 linguae
432 648 581 700 apicem
613 648 807 688 filanwnta
837 661 985 688 nervea
1017 648 1201 697 largitur.
1262 649 1425 688 Tertius
1456 661 1552 688 ner-

158 730 319 768 vorum,
352 718 417 770 qui
440 731 493 756 cx
517 718 686 768 ganglin
709 718 821 756 nervi
844 717 1217 768 glossopharyngci
1239 719 1428 769 oriuntur,
1460 731 1553 758 mox

155 787 194 824 in
219 787 302 824 tres
334 786 524 825 scinditur
553 798 698 836 ramos,
730 798 893 837 quorum
915 786 1014 824 alter
1045 786 1256 825 secundum
1277 786 1553 838 oesophagum

158 853 352 904 decurrit,
385 854 488 894 haud
519 867 608 894 rara
639 855 674 894 ei
705 854 883 893 tribuens
914 854 1001 905 fila3
1034 855 1135 894 alter
1165 868 1317 895 Sursum
1347 856 1473 895 tendit
1503 855 1553 895 ad

157 922 379 961 denticulos
421 934 612 972 col·neOS,
663 923 727 973 qui
767 922 913 961 aditum
953 922 1003 961 ad
1042 923 1250 974 laryngem
1290 925 1552 975 circumdallt23

155 990 298 1046 tertius
329 1002 374 1029 se
403 991 612 1041 conjungit
631 1001 716 1029 cum
746 1003 852 1029 ramo
884 991 1057 1031 secundo
1090 993 1204 1031 nervi
1225 993 1553 1045 glossopharyn-

156 1059 240 1109 gei.
300 1059 462 1098 Nervus
501 1062 666 1111 quartus
707 1072 820 1111 quain
860 1060 1143 1100 subtilissimus
1185 1073 1207 1101 e
1237 1061 1406 1112 ganglio
1439 1061 1551 1101 nervi

156 1127 531 1179 glosgopharyngei
570 1128 620 1167 ad
651 1140 782 1167 aurem
813 1130 1038 1169 interiorem
1069 1130 1341 1181 progreditur.

294 1197 501 1236 Nervus
543 1195 913 1248 hypoglossus
950 1210 1113 1237 nervum
1149 1211 1298 1249 vagum
1339 1200 1552 1249 transgre-

159 1264 271 1304 diens
302 1277 414 1317 quam
446 1265 665 1304 tenerrimis
697 1277 780 1304 cum
813 1278 860 1306 eo
886 1263 1073 1318 jungitur
1093 1265 1184 1306 filis.
1243 1266 1398 1306 Deinde
1429 1279 1552 1306 oeso—

157 1332 334 1384 phagum
364 1334 665 1386 praeterlapsus
696 1347 825 1375 ramos
857 1336 957 1376 duos
987 1336 1178 1386 demittit,
1217 1337 1282 1388 qui
1312 1336 1414 1375 inter
1441 1348 1552 1375 mus-

159 1401 285 1441 culum
316 1402 780 1456 sterno-trachealemc]
813 1406 853 1443 et
876 1403 1360 1459 furcula-trachealemd]
1394 1403 1551 1459 [Tie-

159 1470 332 1510 deman
344 1469 395 1525 n]
427 1473 565 1511 iterum
596 1473 763 1512 connexi
788 1476 926 1523 pectus
951 1485 1092 1512 versus
1123 1474 1334 1512 secundum
1356 1473 1551 1513 tracheam

160 1539 392 1591 decurrunt,
434 1553 549 1593 quum
587 1540 701 1591 huic,
748 1543 828 1580 tum
867 1541 1053 1580 musculis
1095 1541 1173 1580 illis
1213 1540 1276 1582 fila
1315 1542 1550 1593 largientes.

158 1605 307 1647 Postea
336 1620 485 1648 nervus
516 1622 660 1649 ramum
692 1610 854 1659 emittit,
897 1610 962 1662 qui
1003 1610 1039 1648 in
1069 1611 1242 1650 musculo
1282 1613 1551 1651 sterno-tra-

160 1674 286 1715 cheali
339 1678 377 1716 in
423 1677 644 1728 complures
690 1677 861 1716 ramulos
908 1677 1063 1716 solutus
1112 1678 1301 1728 disparet.
1389 1680 1550 1719 Nervus

160 1743 302 1784 deiude
331 1745 502 1784 ramulos
532 1745 633 1784 duos
664 1745 730 1784 dat
761 1745 809 1784 ad
841 1745 1037 1785 truchezun
1071 1748 1190 1799 atque
1221 1748 1321 1786 inter
1342 1748 1550 1799 lan-yngcm

160 1817 202 1850 et
231 1812 441 1852 musculum
473 1813 820 1864 ceratohyoideum
839 1813 891 1867 ε),
923 1814 1024 1853 alios
1056 1815 1106 1854 ad
1137 1816 1348 1855 musculum
1380 1816 1480 1856 hunc
1510 1818 1551 1856 et

161 1882 322 1921 muscul.
353 1881 673 1934 mylohyoideuin
705 1882 926 1934 obliquum,
971 1896 1047 1936 quo
1078 1884 1182 1923 sacto
1222 1886 1335 1924 nervi
1368 1885 1453 1924 finis
1485 1888 1550 1924 te-

161 1950 248 1989 uuis
288 1952 325 1990 in
365 1952 574 2002 superficie
620 1952 780 2001 linguae
819 1952 1005 1991 interiore
1048 1953 1085 1992 in
1123 1954 1322 2005 complura
1365 1954 1549 1994 dilabitur

162 2018 367 2058 iilainenta.

231 2117 272 2163 b)
307 2120 421 2165 Apud
455 2119 576 2166 Vicq
612 2120 792 2163 d’Azyr
823 2121 845 2152 l.
873 2131 901 2153 c.
940 2120 973 2153 le
1005 2120 1339 2166 mylo—hyoi'dien.
1367 2142 1411 2149 —
1434 2123 1549 2169 Apud

299 2176 473 2211 Cuvier
496 2178 517 2210 Ι.
547 2188 576 2211 c.
606 2177 640 2210 le
664 2176 996 2222 serpi—hyo'idien.
1024 2199 1066 2206 -
1095 2179 1211 2224 Apud
1235 2179 1548 2215 VViedeman-

298 2244 405 2267 num
431 2236 453 2269 l.
482 2245 512 2268 c.
547 2245 597 2269 m.
623 2234 815 2268 retrahens
843 2234 1004 2280 linguae.

232 2292 264 2335 c)
300 2292 414 2337 Apud
449 2293 534 2327 Jul.
570 2292 841 2327 Casserium
886 2293 956 2336 (de
994 2293 1097 2328 vocis
1136 2293 1358 2342 auditusque
1400 2295 1546 2342 organis

299 2348 452 2384 historia
476 2348 691 2384 anatomica.
731 2351 872 2384 Ferrar.
898 2354 1007 2391 1500)
1040 2361 1157 2385 muso.
1184 2351 1348 2398 laryngis
1375 2363 1545 2387 commu—

299 2417 376 2441 nes.
401 2426 445 2433 —
470 2407 583 2453 Apud
607 2405 731 2454 Vicq
757 2407 940 2452 d’Azyr
964 2409 987 2443 l.
1015 2419 1044 2442 c.
1074 2409 1127 2443 les
1156 2411 1314 2444 muscles
1338 2409 1546 2456 longitudi-

299 2474 410 2499 naux.
426 2483 463 2490 -
491 2465 604 2511 Apud
629 2463 804 2499 Cuvier
826 2465 848 2498 l.
871 2475 899 2501 c,
927 2465 979 2500 les
998 2467 1156 2501 muscles
1173 2465 1544 2503 sterno-trachdens.

234 2529 272 2572 d)
309 2531 421 2577 Apud
447 2531 623 2567 Cuvier
655 2532 679 2567 1.
706 2541 735 2565 c..
771 2532 825 2565 les
854 2533 1011 2566 muscles
1035 2531 1407 2578 ypsiio-tracheens.

233 2600 267 2642 e)
304 2601 384 2644 Quo
423 2599 572 2633 nomine
614 2609 700 2642 eum
734 2597 1027 2633 'Piedemann
1060 2601 1082 2632 l.
1119 2612 1148 2634 c.
1183 2601 1351 2647 appellat.
1402 2620 1444 2628 —-
1492 2604 1543 2636 Le

299 2656 438 2690 muscle
468 2662 587 2690 cerato
598 2676 618 2682 -·
631 2653 810 2701 hyo'l'dien
837 2656 864 2690 C
874 2668 894 2688 u
908 2656 953 2690 vi
967 2667 1012 2689 er
1022 2655 1046 2690 i.
