1732 3014
676 336 730 378 17

14 453 193 494 surculos
223 453 336 492 finem
367 454 472 503 capit
510 454 547 491 in
578 452 798 492 membrana
838 466 1016 499 mucosa,
1061 469 1159 508 quae
1193 462 1253 496 est
1284 459 1397 507 Juxta

14 525 54 562 et
87 524 176 561 ante
206 521 351 561 aditum
381 519 431 559 ad
460 519 670 570 laryngem
703 521 791 559 sita.

149 590 354 629 Nervus
384 587 755 639 hypoglossus
788 589 1034 641 amplectitur
1057 603 1220 631 nervum
1252 606 1398 644 vagum

14 658 85 697 sed
115 658 221 697 nullo
251 656 317 696 filo
344 669 427 696 cum
455 669 502 696 eo
525 658 780 698 connectitur.
842 653 943 697 Tum
973 671 1093 710 supra
1125 661 1399 712 oesophagum

12 726 271 778 progreditur
301 727 351 765 ad
370 725 580 777 tracheam,
611 726 677 765 uhi
710 728 746 766 in
777 726 877 766 duos
901 728 1090 767 dividitur
1119 742 1263 781 ramos,
1296 743 1398 783 quo-

11 807 93 834 rum
123 794 223 833 alter
244 794 654 857 de01·sun2desce11dit
683 795 721 833 in
751 796 964 835 musculum
985 797 1399 838 furcula—trachealem

10 861 101 902 huic
144 863 222 914 ipsi
268 875 340 902 nec
377 875 453 902 non
505 862 688 903 tracheae
742 863 806 902 fila
844 864 1056 916 praebens.
1113 865 1260 905 Ramus
1300 867 1401 906 alter

11 943 165 978 sursum
206 931 374 971 tendens
412 931 596 971 nonnulla
626 932 757 971 tenuia
796 931 859 971 fila
899 932 1057 972 dimittIt
1097 934 1146 973 ad
1177 934 1399 987 laryngem,

11 1001 91 1040 tum
129 1000 295 1051 propter
347 1012 490 1052 corpus
531 1000 635 1038 ossis
673 998 837 1050 hyoidei
876 1000 1048 1041 deflectit
1089 1002 1138 1042 ad
1175 1003 1400 1043 inferiorem

11 1068 174 1119 linguae
217 1067 477 1120 superficiem.

149 1137 355 1176 Nervus
386 1138 497 1187 trig
512 1136 637 1176 emin
650 1148 704 1175 us
734 1137 817 1175 tres
839 1137 958 1178 mittit
989 1150 1010 1177 e
1038 1138 1209 1189 ganglio
1233 1137 1399 1180 Gasseri

11 1217 155 1245 ramos.

150 1272 187 1312 R
200 1285 337 1312 amus
369 1272 758 1323 ophthalmicus
786 1284 859 1323 per
889 1273 1060 1313 canalem
1093 1287 1250 1314 osseum
1281 1277 1402 1315 intrat

11 1342 50 1381 in
81 1341 268 1393 orbitam,
298 1342 430 1393 ibique
462 1340 634 1380 deflectit
664 1341 781 1378 tenue
812 1340 915 1380 filum
946 1342 996 1381 ad
1026 1344 1222 1392 ganglion
1252 1344 1399 1394 ciliare‚

13 1410 154 1449 deinde
194 1410 243 1449 ad
282 1410 433 1449 orbitae
462 1410 660 1460 vparictem
691 1410 829 1460 pergit
859 1411 1107 1450 anteriorem.
1163 1412 1222 1451 lbi
1256 1426 1401 1453 ramum

14 1479 192 1529 dimittit,
242 1479 306 1530 qui
348 1478 535 1517 dividitur
575 1478 613 1515 in
651 1489 795 1515 ramum
835 1477 1102 1528 palpebralem
1141 1483 1399 1533 superiorem,

15 1547 207 1600 aliumque
239 1547 303 1599 qui
336 1546 462 1586 tendit
500 1546 550 1584 ad
581 1547 706 1584 cutem
738 1547 828 1584 ante
860 1546 1025 1585 oculum.
1085 1548 1240 1588 Deinde
1270 1552 1399 1589 tenuis

14 1615 184 1656 ramulus
207 1613 429 1664 digreditur
450 1615 487 1653 in
518 1613 655 1653 callum
676 1625 857 1653 corneum
881 1615 920 1653 in
952 1616 1084 1654 fronte
1113 1617 1251 1668 situm,
1281 1620 1400 1668 post-

17 1696 141 1737 eaque
170 1695 298 1722 ramus
331 1683 522 1732 crassior,
562 1683 627 1734 qui
669 1682 863 1720 nonnullis
903 1682 978 1721 filis
1021 1697 1132 1736 quam
1178 1687 1399 1725 tenerrimis

17 1752 65 1792 ad
106 1750 273 1790 conchas
314 1749 416 1790 datis
457 1761 583 1801 prope
614 1762 729 1789 nares
772 1752 890 1790 intrat
920 1751 959 1790 in
990 1753 1231 1802 tegmentum
1264 1756 1400 1794 rostri.

14 1819 168 1861 Deinde
198 1831 345 1858 nervus
374 1830 446 1870 per
477 1830 522 1857 os
554 1819 737 1870 penetrat
777 1819 815 1858 in
855 1831 991 1858 cavum
1022 1821 1108 1859 nasi
1140 1820 1400 1876 deorsumque

15 1901 158 1929 versus
179 1889 216 1927 in
236 1887 355 1927 fundo
377 1887 462 1927 nasi
482 1899 661 1937 prorsum
683 1887 877 1937 procedit.
924 1885 1033 1927 Ante
1055 1889 1254 1930 introitum
1284 1892 1323 1930 in
1354 1904 1400 1930 os

14 1955 320 1997 intermaxillare
363 1967 507 1994 ramum
555 1954 728 1994 deflectit
775 1956 812 1994 in
859 1955 1116 1995 membranam
1169 1958 1292 2008 palati
1336 1960 1402 2012 qui

15 2037 196 2079 prorsum
225 2024 376 2075 tendit,
407 2023 598 2077 finemque
628 2025 665 2063 in
696 2025 844 2076 apicem
876 2036 1056 2072 corneum
1087 2028 1207 2065 rostri
1236 2027 1399 2069 inducit.

15 2094 223 2134 Postremo
263 2104 410 2132 nervus
449 2091 488 2132 in
534 2104 627 2132 osse
658 2092 953 2132 intermaxillari
982 2094 1021 2133 in
1052 2094 1260 2135 nonnullos
1291 2095 1417 2136 divi-³

17 2162 121 2202 ditur
145 2160 324 2200 surculos
355 2161 421 2215 qui
451 2162 654 2202 externam
673 2163 858 2213 petentes
887 2162 1040 2213 partem
1071 2162 1295 2205 dilabuntur
1325 2165 1400 2205 sub

15 2230 137 2272 rostri
165 2231 407 2280 tegmentum
437 2242 631 2270 corneum.

153 2298 335 2338 Ramus
364 2282 665 2338 maxillaris
697 2298 947 2350 superior
978 2299 1108 2338 cranio
1131 2299 1270 2341 relicto
1295 2302 1403 2342 scin-

16 2365 120 2406 ditur
150 2368 189 2406 in
218 2380 361 2407 ramum
397 2367 666 2419 palpebralem
697 2367 941 2418 superiorem
972 2366 1164 2420 aliumque
1208 2371 1272 2422 qui
1302 2371 1403 2410 infra

15 2435 269 2487 periorhitam
305 2448 486 2487 prorsum
523 2448 702 2486 vergens
747 2435 968 2487 complures
996 2434 1167 2474 ramulos
1200 2437 1402 2478 distribuit

15 2503 230 2556 palpebrae
274 2504 472 2556 inferiori,
521 2516 714 2557 unumque
767 2504 907 2554 dirigit
957 2503 1007 2542 ad
1057 2504 1244 2553 angulum
1300 2507 1395 2546 oris.

18 2571 173 2612 Deinde
204 2572 410 2612 intrecedit
443 2573 481 2611 in
512 2583 649 2611 cavum
679 2572 765 2611 nasi
804 2572 936 2624 ibique
967 2572 1006 2611 in
1038 2570 1136 2610 duos
1168 2572 1397 2614 distrahitur

19 2653 172 2689 ramese,
204 2652 364 2692 quorum
394 2641 493 2680 alter
520 2640 646 2680 tendit
671 2640 721 2680 ad
752 2641 953 2679 externam
983 2641 1133 2690 partem
1164 2642 1397 2681 secundum-

0 2705 95 2762 ''que
125 2708 244 2749 rostri
280 2709 491 2759 marginem
524 2722 702 2760 prorsum
733 2709 893 2761 pergit3
933 2707 1031 2749 alter
1054 2710 1182 2748 autem
1211 2711 1398 2750 internam

1102 2798 1119 2820 l„
