1732 3014
751 250 812 296 37

101 384 123 411 a
154 370 420 421 gustabilibus
462 370 498 410 in
532 369 666 410 saliva
704 369 845 409 solutis
877 369 1064 408 materiis.
1124 368 1168 408 In
1199 369 1341 410 avibus
1380 370 1472 411 tan-

102 441 193 491 tum,
225 452 324 493 quae
351 438 527 478 molliore
556 439 760 490 praeditae
788 439 879 476 sunt
908 436 1064 489 palato,
1094 439 1136 478 ut
1165 450 1263 478 aves
1292 450 1471 491 rapaces,

100 508 295 559 conjicere
325 508 430 558 licet,
460 508 595 547 nervis
624 506 809 558 palatinis
840 517 862 545 e
884 517 1008 545 nervo
1041 507 1251 556 trigemino
1281 507 1472 559 profectis

100 573 361 626 gustatori'am
401 576 625 614 attributam
665 586 755 614 esse
795 574 1042 625 facultatem,
1086 576 1319 626 praesertim
1358 588 1473 629 quum

99 646 277 684 succosis
306 646 518 684 vescantur
547 643 802 695 substantiis,
844 655 944 697 quae
979 642 1096 682 facile
1125 644 1163 683 in
1193 644 1273 683 oris
1304 643 1474 684 solvun—

100 714 162 752 tur
192 712 432 753 humoribus.

235 781 299 819 Ex
328 780 675 821 observationibus
704 781 829 819 autem
868 792 989 831 supra
1023 780 1214 819 enarratis
1243 779 1359 819 facile
1389 780 1473 819 erui

97 848 256 900 potest,
287 851 420 903 quanti
448 850 628 889 momenti
658 860 805 888 nervus
833 848 1066 899 trigeminus
1088 850 1153 900 sit,
1182 849 1474 901 praecipueque

99 918 186 969 ejus
215 922 362 970 primus
395 920 435 959 et
463 919 618 958 ultimus
648 930 798 967 ramus,
831 919 865 957 si
896 919 1024 957 avium
1053 918 1284 970 respicimus
1316 929 1472 957 sensum

99 987 242 1026 tactus.
301 987 353 1026 Hi
393 989 491 1026 enim
523 988 616 1026 rami
661 986 923 1025 crassitudine
963 985 1089 1025 adhuc
1118 986 1222 1025 haud
1251 986 1474 1038 spernenda

98 1056 408 1106 progrediuntur
437 1056 486 1094 ad
516 1058 728 1094 extremum
760 1066 883 1107 usque
913 1067 959 1093 os
980 1055 1287 1094 intermaxillare
1314 1055 1474 1094 uberri-

99 1126 249 1177 misque
281 1124 521 1175 dissipantur
552 1124 626 1162 filis
657 1125 695 1162 in
726 1125 885 1175 parteS,
917 1135 939 1162 e
969 1136 1128 1176 quarum
1159 1125 1247 1175 ipsa
1276 1125 1497 1164 structura-

99 1192 203 1232 haud
235 1192 391 1231 difficile
432 1192 690 1242 intelligitur,
732 1193 830 1243 ipsis
870 1192 963 1231 nihil
1004 1204 1094 1231 esse
1134 1205 1215 1231 cum
1257 1193 1471 1243 gustando,

99 1276 257 1315 quarum
290 1275 387 1301 vero
427 1274 448 1300 e
479 1262 690 1319 situationc
721 1261 757 1299 in
788 1261 998 1312 propatulo
1031 1264 1114 1312 cst,
1157 1274 1312 1301 sensum
1344 1264 1473 1301 tactus

100 1332 149 1370 ab
180 1333 228 1371 iis
252 1332 401 1383 juvari,
462 1329 582 1384 Quam
614 1341 660 1369 eo
691 1329 832 1368 firmari
861 1331 956 1381 puto
988 1332 1240 1381 sententiam,
1273 1332 1305 1369 si
1338 1332 1473 1370 consi-

91 1401 301 1450 deramus,
331 1411 442 1452 quem
471 1399 508 1437 in
539 1411 648 1437 usum
679 1411 776 1437 aves
806 1401 963 1438 vertant
996 1402 1139 1438 rostra.

237 1468 430 1517 Linguam
468 1468 594 1505 tamen
635 1468 786 1517 avium,
830 1467 921 1506 licet
960 1468 1065 1507 absit
1094 1480 1239 1507 nervus
1270 1467 1473 1517 lingualis,

99 1549 264 1589 prorsus
304 1535 405 1576 affici
443 1548 519 1574 non
548 1547 672 1586 posse
715 1548 736 1574 a
765 1536 883 1575 rebus
915 1537 1181 1586 gustabilibus
1218 1549 1293 1575 non
1334 1538 1395 1575 est
1434 1537 1473 1575 in

103 1603 307 1645 concessis
334 1604 596 1655 contendere3
629 1616 699 1655 per
730 1617 890 1643 nervum
925 1605 1342 1657 glossopliaryngeum
1373 1604 1473 1644 enim

102 1674 163 1725 id,
195 1687 270 1726 quo
302 1672 504 1711 deficiente
534 1672 698 1721 linguali
730 1685 833 1711 ramo
866 1677 1020 1726 carent,
1064 1675 1205 1714 avibus
1240 1674 1404 1726 aliquem
1435 1675 1472 1712 in

101 1743 252 1782 medum
281 1743 501 1780 restitutum
536 1752 626 1779 esse
656 1742 827 1781 videtur.
887 1743 983 1781 Nam
1015 1755 1067 1781 ex
1101 1755 1162 1793 eo,
1193 1743 1297 1796 quod
1326 1754 1473 1781 nervus

100 1811 238 1850 relleto
271 1810 400 1849 cranio
432 1820 585 1859 semper
616 1809 699 1848 sere
732 1810 871 1861 efficit,
904 1811 1070 1861 ganglio
1102 1812 1376 1861 digrediuntur
1405 1823 1473 1850 ra-

99 1880 191 1919 muli
222 1880 259 1919 in
290 1878 446 1917 dorsum
483 1878 668 1929 linguae,
709 1880 850 1932 quibus
894 1893 1016 1931 saepe
1056 1881 1284 1932 spectabilis
1324 1882 1473 1920 crassi-

100 1949 219 2000 tudo,
259 1958 436 2000 quosque
468 1946 517 1985 ad
547 1949 757 1986 extremam
790 1961 914 2001 usque
950 1950 1111 2000 linguae
1141 1953 1290 2002 partem
1331 1951 1473 1990 sectari

101 2016 205 2056 haud
236 2016 309 2054 suit
340 2015 590 2064 denegatum.

238 2084 383 2135 Rapp
410 2082 449 2137 k]
491 2084 694 2135 opinatur,
740 2096 901 2124 nervum
942 2084 1360 2136 glossopharyngeum
1397 2098 1474 2125 una

102 2166 184 2193 cum
213 2165 337 2192 nervo
359 2164 468 2202 vago
500 2153 537 2191 in
567 2152 702 2202 lingua
724 2154 851 2192 avium
881 2152 1028 2193 habere
1057 2154 1291 2193 functionem
1314 2155 1472 2204 gustus.

103 2220 224 2276 Quam
266 2221 506 2272 opinionem,
545 2220 677 2260 addita
719 2221 982 2274 descriptione
1022 2222 1182 2262 duorum
1220 2223 1258 2261 in
1299 2222 1472 2271 linguam

100 2280 355 2341 psittacorum
386 2286 659 2328 distractorum
691 2291 803 2329 nervi
824 2292 923 2340 vagi
952 2303 1155 2342 ramorum,
1187 2290 1328 2329 affatim
1347 2301 1472 2341 paene
1528 2333 1530 2335 ,

103 2357 360 2396 confirmatam
390 2356 602 2396 habuerim.
660 2358 770 2409 Nos,
803 2371 1029 2412 quamquam
1058 2361 1096 2398 in
1127 2359 1473 2398 observationibus
1526 2350 1535 2354 ”

102 2426 249 2464 nostris
278 2437 466 2477 nusquam
509 2425 678 2465 vidimus
718 2439 881 2467 nervum
924 2440 1068 2477 vagum
1100 2427 1246 2466 directe
1276 2440 1404 2466 ramos
1434 2428 1470 2466 in

102 2493 276 2544 linguam
307 2493 548 2545 ejicientem,
592 2496 760 2534 attamen
801 2495 944 2548 ubique
974 2495 1340 2548 animadvertimus,
1376 2508 1468 2536 ner-

172 2626 211 2669 k)
236 2627 257 2659 l=
288 2637 315 2661 c.
343 2638 400 2673 pg=
432 2631 478 2663 10v
505 2654 507 2656 -
