1732 3014
768 242 830 289 25

345 379 852 440 OBSERVAAEOEO
917 379 1257 436 OCTAVA„

732 491 872 498 ..-

526 578 573 611 5·
614 578 762 615 AVES
802 576 1081 616 PIOARIAE.

460 683 716 738 Picus
795 682 1145 737 viridis

247 780 461 821 Nervus
501 795 671 833 vagus
711 793 817 821 ramo
858 781 1003 821 emisso
1044 780 1094 820 ad
1133 791 1298 820 nervum
1328 778 1500 829 glosso—

109 849 389 904 pharyngeum
423 851 474 891 ad
503 852 644 904 pectus
676 850 894 890 descendit.

248 921 456 961 Nervus
505 919 1056 972 glossopharyngeus
1117 917 1332 968 oblongum
1381 913 1502 955 efficit

106 988 316 1041 undalum,
349 991 385 1029 in
419 1002 531 1043 quem
561 990 675 1029 nervi
706 990 806 1039 vagi
837 1002 966 1028 ramus
997 988 1203 1028 admodum
1235 997 1394 1026 crassus
1426 985 1502 1024 de-

109 1059 277 1098 seendit.
337 1060 437 1099 Tum
471 1073 564 1099 mox
606 1059 797 1098 scinditur
837 1059 876 1098 in
907 1071 1052 1098 ramum
1093 1058 1337 1110 superiorem
1369 1056 1410 1095 et
1437 1055 1503 1093 in-

107 1127 306 1168 feriorem.
365 1129 559 1181 Superior
590 1130 727 1168 iterum
758 1129 796 1167 111
828 1128 928 1167 duos
959 1127 1141 1167 surculos
1162 1127 1365 1178 dividitur,
1398 1136 1503 1178 quo-

106 1209 190 1235 rum
222 1198 322 1237 alter
351 1200 472 1237 currit
502 1198 550 1236 ad
581 1197 793 1236 musculum
825 1198 998 1236 conicum
1038 1198 1144 1237 ossis
1174 1196 1362 1248 hyoidei‚
1401 1194 1504 1234 alter

111 1267 323 1305 secundum
355 1279 472 1306 cornu
514 1267 677 1316 linguae
708 1279 889 1318 prorsum
921 1279 1101 1317 vergens
1140 1266 1376 1305 anteriorem
1404 1275 1505 1315 par—

111 1336 190 1374 tem
220 1336 382 1375 musculi
414 1336 536 1374 conici
570 1336 749 1386 perforat
779 1335 843 1375 fila
872 1337 908 1375 ei
938 1337 1180 1387 porrigensg
1213 1337 1292 1374 tum
1323 1335 1361 1372 in
1394 1345 1506 1371 com-

110 1404 248 1456 plures
280 1404 450 1443 ramulos
483 1404 699 1443 distractus
731 1406 889 1455 aufugit
933 1406 969 1446 in
1000 1405 1199 1445 musculos
1231 1404 1297 1456 qui
1328 1403 1506 1451 linguam

110 1474 326 1526 projiciunt
365 1472 663 1525 retrahuntque.
724 1473 873 1513 Ramus
906 1486 1006 1514 vero
1038 1475 1202 1514 inferior
1234 1473 1310 1512 filis
1349 1471 1507 1511 duobus

112 1543 294 1581 tenuibus
334 1542 383 1581 ad
425 1540 676 1593 pharyngem
715 1543 849 1581 missis
888 1544 927 1582 in
968 1544 1069 1583 duos
1110 1543 1268 1582 finditur
1308 1540 1506 1591 surculos,

112 1623 133 1650 e
165 1612 306 1664 quibus
337 1611 438 1650 alter
468 1610 679 1649 secundum
711 1611 987 1663 oesophagum
1018 1613 1224 1651 descendit
1254 1612 1319 1651 fila
1347 1613 1386 1651 in
1418 1622 1506 1650 eum

113 1680 368 1732 dispergens.
400 1687 403 1689 “
427 1679 546 1719 Alter
568 1679 842 1730 oesophagum
874 1682 1190 1732 supergrediens
1210 1694 1393 1733 prorsum
1413 1682 1507 1719 ten-

116 1750 173 1789 dit
203 1749 251 1788 ad
283 1748 529 1800 superficiem
558 1748 744 1800 linguae,
778 1750 868 1788 inde
898 1751 1116 1790 retrocedit
1146 1751 1250 1790 filum
1282 1750 1330 1790 ad
1361 1751 1508 1801 poste-

114 1819 257 1858 riorem
287 1819 437 1869 partem
470 1818 633 1869 ejiciens
667 1830 712 1856 ac
742 1831 880 1857 rursus
911 1832 1093 1870 prorsum
1120 1820 1292 1859 deflectit
1325 1817 1506 1858 surculos

114 1901 210 1928 suos
243 1899 378 1926 omnes
401 1886 589 1925 diducens
621 1887 658 1925 in
689 1887 937 1938 superficiem
968 1889 1131 1939 linguae
1162 1889 1211 1928 ad
1242 1900 1402 1927 acumen
1433 1898 1507 1925 us-

115 1968 191 2011 que
223 1957 310 2008 ejus
342 1956 625 2005 sagittiforme.

257 2024 459 2063 Nervus
490 2023 863 2075 hypoglossus
894 2026 1036 2065 transit
1067 2026 1117 2065 ad
1147 2037 1311 2065 nervum
1341 2037 1506 2076 vagum,

119 2105 284 2147 quocum
316 2093 535 2131 arctissime
569 2094 768 2144 jungitur.
829 2093 930 2132 Tum
969 2095 1150 2146 prorsum
1182 2106 1361 2145 vergens
1403 2093 1507 2133 filum

115 2163 291 2215 porrigit
321 2161 520 2201 tracheae.
580 2162 736 2201 Deinde
766 2163 964 2202 nonnullis
996 2163 1179 2203 tenuibus
1217 2163 1293 2202 filis
1332 2163 1507 2202 dimissis

116 2232 167 2272 ad
204 2231 414 2283 laryngem
455 2232 716 2270 crassitudine
763 2232 890 2271 adhuc
929 2232 1034 2272 haud
1075 2232 1299 2284 spernenda
1337 2231 1387 2271 ad
1425 2231 1506 2270 lin-

117 2314 236 2353 guam
277 2312 321 2339 se
361 2300 515 2340 confert
555 2301 620 2339 uhi
663 2300 829 2341 decursu
860 2300 1116 2341 Maeandrico
1157 2314 1339 2353 prorsum
1379 2300 1506 2339 tendit

116 2371 154 2410 in
185 2371 401 2409 extremum
432 2369 594 2418 linguae
626 2383 784 2410 acumen
817 2371 997 2411 surculos
1029 2371 1228 2412 dimittens
1259 2370 1309 2409 ad
1344 2382 1505 2409 muscu-

116 2439 180 2479 los
212 2440 251 2478 et
280 2438 537 2477 membranam
567 2452 762 2478 mucosam
792 2440 970 2490 linguae.

257 2507 468 2546 Nervus
508 2508 825 2557 trigeminus
867 2508 988 2548 efficit
1022 2506 1218 2559 ganglion
1252 2505 1416 2546 Gasseri
1449 2517 1504 2545 ex

119 2587 197 2629 quo
235 2576 273 2614 in
311 2577 420 2617 striis
463 2576 594 2617 osseis
630 2588 801 2629 superne
842 2589 865 2616 a
902 2578 1025 2617 matre
1064 2577 1161 2617 dura
1198 2576 1315 2617 tectis
1354 2573 1504 2615 exeunt

117 2642 157 2683 hi
188 2645 304 2684 rami:

1438 2700 1465 2730 ο
