1732 3014
755 282 811 325 12

229 401 429 442 Nervus
462 402 776 452 trigeminus
805 401 925 442 efficit
955 401 1151 453 ganglion
1182 399 1344 441 Gasseri
1377 399 1477 440 unde

91 472 128 510 hi
159 470 354 523 prodeunt
384 472 466 511 tres
496 471 620 512 rami:
644 469 683 526 g)

228 538 410 579 Ramus
443 538 827 591 ophthalmicus
860 550 881 577 e
912 537 1082 588 ganglio
1111 536 1275 577 Gasseri
1306 548 1377 588 per
1408 547 1477 575 ea·-

88 608 214 648 nalem
245 620 402 648 osseum
431 609 469 647 in
501 607 664 647 orbitam
693 608 875 658 penetrat
903 618 1145 659 nervumque
1174 605 1478 656 transgrediens

86 679 257 728 opticum
287 679 405 730 atque
435 676 630 716 surculum
652 676 833 725 dirigens
864 674 913 714 ad
933 675 1130 726 ganglion
1162 675 1293 714 eiliare
1325 686 1478 713 sursum

86 747 239 796 vergit.
298 746 453 786 Deinde
483 757 631 785 nervus
663 757 784 797 supra
812 744 971 784 bulbum
1003 744 1104 784 oculi
1137 744 1186 783 ad
1217 743 1368 784 orbitae
1401 754 1477 794 pa-

86 815 223 854 rietem
253 826 297 854 se
329 815 480 854 confert
501 815 757 864 anteriorem,
788 814 891 853 unde
908 826 1038 853 ramus
1063 813 1147 853 exit
1170 812 1220 851 ad
1242 814 1381 861 cutem,
1412 811 1476 864 qui

85 884 275 923 scinditur
302 885 340 923 in
360 896 503 923 ramum
523 884 793 935 palpebralem
815 883 1058 933 superiorem
1088 885 1130 922 et
1160 893 1303 921 ramum
1322 881 1477 920 fronta—

83 952 173 991 lem.
216 952 340 991 Paulo
361 954 455 1004 post
482 964 630 991 nervus
662 952 768 1002 ejicit
793 963 952 1002 ramum,
986 952 1051 1004 qui
1071 962 1143 1002 per
1163 950 1288 989 breve
1310 949 1477 1000 spatium

84 1021 246 1060 eandem
267 1033 350 1061 cum
372 1021 497 1073 stirpe
517 1021 694 1073 sequitur
716 1020 991 1071 directionem,
1024 1021 1168 1070 postea
1186 1029 1285 1057 vero
1309 1017 1409 1056 infra
1431 1027 1477 1055 os

83 1089 288 1129 maxillare
305 1091 488 1141 superius
510 1091 713 1128 externam
733 1090 875 1140 petens
896 1089 1047 1139 partem
1060 1089 1278 1140 tenuesque
1296 1085 1476 1126 surculos

83 1158 134 1197 ad
155 1157 322 1197 conchas
342 1158 582 1198 distribuens
604 1158 698 1208 post
716 1168 832 1196 nares
852 1157 890 1195 in
909 1156 1052 1195 multos
1075 1156 1286 1195 distractus
1306 1153 1476 1193 ramulos

82 1228 202 1266 intrat
220 1228 258 1266 in
289 1226 545 1266 membranam
578 1238 743 1265 ceream.
802 1225 958 1265 Deinde
979 1237 1127 1264 nervus
1158 1225 1196 1263 in
1223 1236 1360 1263 cavum
1389 1222 1475 1262 nasi

80 1297 265 1346 penetrat
302 1297 343 1335 et
373 1295 584 1335 secundum
616 1296 770 1346 septum
802 1294 947 1333 narium
979 1292 1069 1332 huic
1099 1292 1356 1332 subtilissima
1386 1290 1475 1330 fila-

80 1366 210 1404 menta
247 1364 444 1416 praebens
484 1377 666 1416 prorsum
707 1363 966 1415 deorsumque
1000 1361 1138 1401 tendit.
1199 1360 1307 1400 Infra
1347 1360 1474 1411 ipsum

80 1434 256 1473 foramen
287 1433 392 1486 quod
422 1433 602 1472 videmus
634 1433 671 1471 in
702 1433 899 1470 anteriore
929 1433 1042 1482 parte
1075 1430 1178 1482 septi
1203 1430 1350 1468 narium
1378 1439 1473 1467 ner-

79 1515 158 1541 vus
186 1514 331 1541 ramum
363 1502 524 1550 emittit,
568 1500 632 1553 qui
665 1501 764 1539 inter
795 1512 841 1537 os
881 1501 921 1538 et
962 1499 1094 1537 duram
1126 1497 1248 1549 palati
1277 1495 1473 1535 membra—

78 1583 167 1610 nam
196 1569 394 1609 nonnullis
415 1581 497 1608 eam
518 1568 700 1608 tenuibus
723 1567 798 1606 iilis
831 1578 1106 1618 conspergens
1130 1567 1245 1619 inque
1276 1564 1473 1604 anteriore

79 1639 199 1679 rostri
240 1640 356 1689 parte
395 1638 582 1677 diremtus
632 1637 669 1676 in
718 1636 870 1687 spicula
910 1631 976 1674 iila
1013 1634 1172 1674 subtilia
1213 1633 1472 1686 progreditur

80 1708 222 1760 quihus
252 1709 424 1746 rostrum
466 1707 504 1745 in
535 1706 646 1757 apice
678 1703 834 1743 linitur.‘
881 1702 1030 1742 Postea
1067 1714 1216 1743 nervus
1249 1703 1471 1741 vtenuiorem

80 1776 239 1815 dimittIt
267 1787 434 1824 ramum,
469 1774 534 1826 qui
564 1775 654 1812 aute
681 1784 798 1812 nares
829 1772 1087 1823 progreditur
1117 1782 1237 1822 supra
1267 1783 1314 1810 os
1344 1770 1470 1809 inter-

79 1843 284 1885 maxillare
325 1844 443 1895 atque
482 1843 519 1881 in
559 1841 816 1880 membranam
859 1851 1012 1879 ceream
1052 1839 1249 1879 dilabitur.
1309 1838 1470 1878 Nervus

78 1914 280 1966 postremo
322 1911 358 1949 in
378 1935 380 1937 ·
400 1910 534 1949 canale
565 1910 670 1949 ossis
701 1908 1021 1948 intermaxillaris
1063 1909 1100 1947 in
1130 1907 1249 1946 multa
1280 1904 1469 1946 distrahi-

80 1987 142 2022 tur
172 1981 235 2019 fila
265 1988 365 2031 quae
396 1980 616 2030 procedunt
646 1979 746 2017 inter
778 1990 824 2016 os
856 1979 896 2017 et
929 1988 1112 2026 unguem.

218 2049 402 2087 Ramus
445 2047 744 2087 maxillaris
787 2045 1031 2097 superior
1071 2045 1109 2084 in
1141 2043 1305 2083 orbitam
1341 2043 1468 2082 intro-

81 2118 185 2157 cedit
215 2120 333 2169 atque
364 2116 466 2155 infra
494 2115 747 2167 periorbitam
778 2114 827 2154 ad
860 2125 999 2153 cavum
1029 2123 1154 2165 usque
1185 2112 1270 2151 nasi
1291 2122 1467 2163 progre-

81 2187 184 2226 ditur
215 2185 327 2236 cujus
349 2184 490 2235 parieti
517 2184 730 2235 posteriori
761 2181 945 2222 ramulum
976 2180 1111 2221 tribuit
1131 2182 1297 2227 tenuem.
1342 2179 1466 2219 Paulo

81 2256 176 2306 post
205 2253 313 2305 ejicit
342 2254 494 2292 tenuem
525 2252 718 2291 surculum
759 2252 795 2301 in
836 2251 960 2290 eutem
1001 2260 1120 2300 supra
1148 2246 1333 2297 angulum
1370 2248 1465 2296 oris,

81 2321 273 2374 simulque
304 2321 559 2371 crassiorem,
591 2321 656 2373 qui
689 2321 725 2359 in
756 2319 975 2358 membrana
1006 2317 1126 2369 palati
1158 2318 1359 2356 externam
1390 2327 1465 2366 pe-

81 2392 129 2431 tit
158 2395 332 2451 partem,
372 2391 490 2442 atque
520 2389 557 2428 in
590 2388 709 2427 multa
740 2387 803 2426 fila
834 2388 984 2426 scissus
1015 2396 1061 2425 ea
1091 2384 1236 2424 inducit
1266 2385 1303 2423 in
1333 2383 1464 2424 denti—

151 2516 190 2560 g)
227 2509 344 2556 Hujus
382 2508 489 2546 nervi
529 2520 650 2545 ramos
684 2509 761 2544 aeri
798 2508 936 2544 incisos
969 2506 1178 2543 invenimus
1213 2505 1312 2552 apud
1346 2505 1463 2540 Blu-

221 2566 558 2602 menbachium
584 2565 893 2614 (Vergleicleende
915 2565 1138 2607 Anatomie)
1167 2568 1204 2598 et
1230 2563 1462 2598 Harwoo-

221 2623 351 2659 dium
374 2623 680 2671 (Vergleichencle
703 2624 903 2658 Anatomie
930 2635 962 2656 u.
987 2620 1228 2668 Plzysiologie.
1278 2623 1355 2654 Ans
1381 2618 1462 2654 clem

224 2679 330 2727 Engl.
359 2682 424 2715 mit
452 2681 637 2716 Zusc'itzen
667 2691 741 2716 ιόη
770 2678 1028 2716 lVieclemann.
1078 2677 1173 2713 Berl.
1209 2677 1321 2721 1799).
