1732 3014
832 257 953 304 28·

300 378 503 419 Nervus
543 377 861 429 trigeminus
906 378 1027 421 efficit
1068 379 1264 433 gang-lion
1297 379 1461 423 casseri
1495 396 1547 424 ex

164 459 240 500 quo
271 447 495 500 prodeunt:

299 516 484 556 Ramus
515 514 924 569 ophthalmicus,
956 517 1022 572 qui
1052 517 1091 557 in
1121 518 1220 558 stria
1252 531 1371 559 ossea
1402 531 1549 571 super-

158 596 209 624 ne
239 597 262 624 a
291 587 415 625 matre
447 584 545 625 dura
574 585 680 625 tecta
708 587 893 637 penetrat
922 587 962 627 in
989 586 1155 627 orbitam
1184 587 1251 627 ubi
1281 601 1375 628 mox
1404 601 1550 628 ramum

156 652 262 693 baud
294 654 558 705 spernendum
591 654 732 704 dirigit
771 654 822 694 ad
851 655 1051 706 ganglion
1095 656 1242 696 ciliare.
1301 656 1458 696 Deinde
1487 657 1552 697 in-

156 724 220 763 ter
249 722 408 763 bulbum
439 723 541 764 oculi
579 725 620 764 et
650 723 848 764 musculos
876 726 1025 765 rectum
1055 726 1096 766 et
1135 725 1334 779 obliquum
1365 726 1553 778 superio-

156 804 239 833 rem
269 805 452 845 prorsum
481 792 649 833 tendens
676 793 833 833 tenuem
863 793 973 845 ejicit
1003 807 1148 834 ramum
1178 794 1449 847 palpebralem
1480 806 1552 833 su-

156 862 368 913 periorem.
454 861 612 901 Deinde
650 873 800 901 nervus
839 862 960 901 intrat
1009 863 1049 902 in
1089 875 1228 903 cavum
1275 864 1362 904 nasi
1402 863 1551 916 ibique,

156 943 263 970 ramo
295 931 509 970 extriorem
539 932 693 982 partem
722 931 886 982 petente
912 931 1058 971 emisso
1087 932 1137 972 ad
1164 934 1291 973 cutem
1322 933 1424 971 inter
1454 942 1553 970 ocu-

154 999 218 1039 los
250 1001 290 1040 et
320 1012 452 1052 narem
483 999 695 1039 secundum
727 1001 883 1051 septum
912 1001 1061 1040 narium
1084 1013 1268 1053 prorsum
1292 1012 1338 1040 ac
1369 1000 1552 1039 deorsum

153 1069 430 1122 proficiscitur.
489 1067 601 1109 Ante
635 1068 761 1108 locum
797 1069 862 1108 ubi
895 1082 990 1110 ossa
1029 1070 1353 1110 intermaxillaria
1384 1069 1552 1120 conjun-

154 1140 303 1189 guntur
346 1151 491 1178 ramum
522 1138 630 1189 ejicit
662 1138 728 1191 qui
768 1139 807 1178 in
839 1140 1036 1179 anteriore
1070 1139 1194 1191 palati
1224 1140 1340 1191 parte
1370 1149 1552 1190 progre—

154 1207 259 1247 ditur
296 1207 346 1246 ad
387 1208 603 1246 extremam
645 1219 770 1260 usque
811 1209 931 1247 rostri
972 1209 1137 1259 apicem.
1196 1208 1407 1248 Postremo
1450 1219 1550 1246 vero

151 1288 302 1317 nervus
341 1277 461 1316 intrat
509 1277 548 1316 in
592 1289 638 1316 os
679 1278 991 1317 intermaxillare
1036 1279 1155 1330 inque
1196 1279 1309 1329 apice
1348 1277 1470 1317 rostri
1512 1276 1551 1315 in

151 1345 363 1386 nonnullos
401 1345 619 1386 distractus
650 1346 830 1385 surculos
862 1346 992 1386 finitur
1024 1347 1126 1386 inter
1159 1359 1205 1386 os
1236 1348 1276 1387 et
1307 1346 1552 1397 tegmentum

155 1427 352 1455 corneum.
979 1412 987 1426 '

293 1484 477 1523 Ramus
528 1483 830 1522 maxillaris}
882 1478 1159 1534 superisa-‚⁴
1205 1494 1355 1522 nervus
1404 1482 1550 1533 tenum,

152 1560 299 1593 ramum
330 1552 575 1593 maxillarem
605 1553 830 1591 inferiorem
862 1551 1178 1603 supergrediens
1209 1564 1392 1603 prorsum
1423 1563 1552 1602 egre-

154 1622 258 1662 ditur
289 1634 311 1661 e
336 1623 466 1662 cranio
497 1633 542 1661 ac
570 1634 665 1660 mox
695 1622 733 1661 in
764 1622 863 1661 duos
895 1621 1073 1673 ejusdem
1104 1620 1380 1660 crassitudinis
1401 1619 1552 1660 scindi-

151 1693 217 1732 tur
246 1704 377 1731 ramos
408 1703 571 1744 quorum
613 1690 714 1730 alter
745 1703 900 1730 sursum
932 1690 1106 1729 deflectit
1137 1689 1187 1729 ad
1216 1689 1447 1741 palpebram
1478 1702 1551 1729 su·-

152 1763 372 1815 perioremg
414 1761 516 1800 alter
552 1762 682 1800 autem
722 1761 824 1800 infra
854 1760 1115 1812 periorbitam
1155 1771 1338 1810 prorsum
1380 1757 1547 1798 tendens

151 1832 227 1871 sub
262 1831 389 1870 medio
424 1831 512 1882 ipso
552 1829 674 1869 bulbo
709 1829 810 1868 oculi
850 1830 888 1869 in
934 1829 1034 1868 duos
1075 1827 1309 1867 distrahitur
1351 1827 1546 1878 surculos,

154 1912 176 1940 e
207 1900 349 1953 quibus
384 1900 562 1938 exterior
582 1899 833 1952 crassiorque
866 1899 1002 1950 pergit
1034 1897 1084 1936 ad
1116 1897 1302 1946 angulum
1325 1898 1405 1936 oris
1437 1909 1547 1935 com-

153 1970 268 2022 plura
309 1969 373 2008 fila
421 1968 664 2007 distribuens
703 1968 741 2006 in
786 1967 1033 2019 superficiem
1080 1967 1306 2006 interiorem
1354 1966 1547 2015 marginis

153 2039 297 2090 rostri3
331 2039 494 2077 interior
524 2049 623 2077 vero
656 2037 862 2076 admodum
893 2037 1021 2076 tenuis
1049 2049 1231 2088 prorsum
1252 2038 1292 2075 et
1321 2036 1425 2075 intus
1447 2046 1545 2074 ver-

154 2109 218 2158 git
247 2107 297 2147 ad
327 2107 585 2145 membranam
612 2105 736 2157 palati
767 2118 977 2144 mucosam.

293 2175 482 2214 Ramus
521 2175 819 2214 maxillaris
860 2174 1085 2213 inferior
1124 2173 1256 2212 cranio
1287 2172 1425 2212 relicto
1458 2173 1545 2211 sta-

155 2245 222 2285 tim
249 2245 440 2296 pertenue
481 2243 584 2282 filum
616 2245 756 2283 emittit
794 2245 900 2283 intus
932 2255 1111 2293 vergens
1143 2242 1192 2281 ad
1230 2241 1442 2280 musculum
1474 2253 1545 2280 or·-

153 2314 551 2365 bito-maxillarem,
594 2313 735 2352 deinde
774 2326 920 2352 ramum
960 2313 1195 2351 crassiorem
1234 2310 1283 2350 ad
1318 2310 1544 2350 interiorem

157 2394 314 2435 quoque
342 2382 509 2422 tendens
540 2384 718 2433 partem,
761 2382 826 2434 qui
858 2394 902 2420 os
933 2380 1163 2434 (piadratum
1194 2379 1376 2418 deorsum
1408 2379 1543 2417 trans-

156 2451 347 2501 grediens
378 2451 640 2503 proficiscitur
682 2451 731 2490 ad
769 2449 966 2489 musculos
1006 2449 1151 2501 palati,
1191 2460 1336 2487 ramum
1376 2446 1544 2499 denique

157 2520 410 2571 temporalem
442 2520 492 2559 ad
523 2519 736 2559 musculum
775 2519 835 2558 eui
866 2518 967 2557 idem
1007 2520 1071 2557 est
1100 2528 1253 2557 nomen.
1313 2515 1415 2554 Tum
1446 2527 1542 2555 ner—

157 2600 236 2626 vus
263 2587 364 2627 inter
393 2588 606 2627 musculum
627 2587 880 2639 temporalem
905 2589 946 2626 et
973 2584 1389 2626 orbito—maxillarem
1409 2585 1543 2623 trans-

158 2656 340 2708 greditur
371 2655 420 2696 ad
448 2657 671 2698 interiorem
703 2655 948 2709 superficiem
968 2654 1151 2696 maxillae
1181 2654 1380 2696 inferioris
1408 2652 1542 2713 ibique
