1732 3014
818 285 870 330 32

297 410 482 452 Ramus
511 405 813 448 maxillaris
855 404 1086 446 inferior
1119 406 1250 446 cranio
1278 406 1417 449 relicto
1449 418 1542 449 mox

158 482 198 522 in
227 481 311 522 tres
346 476 576 520 distrahitur
605 488 760 527 ram089
806 487 968 528 quorum
998 475 1146 525 primus
1178 475 1260 515 abit
1298 476 1348 515 ad
1382 490 1543 517 museu-

158 550 237 589 lum
276 546 554 599 temporalem,
597 545 792 585 secundus
826 556 921 583 vero
961 543 1009 582 ad
1040 545 1236 584 musculos
1266 545 1410 597 palati,
1456 548 1542 585 ter-

159 619 238 658 tius
269 617 437 669 denique
470 616 577 654 reeta
610 615 676 653 via
707 625 887 664 prorsum
918 624 1096 662 vergens
1129 613 1297 654 discedit
1327 615 1375 654 ad
1410 627 1545 666 angu-

161 685 238 725 lum
269 686 349 724 oris
381 686 499 737 atque
538 682 587 722 ad
621 682 811 731 marginis
841 681 1024 721 maxillae
1055 682 1253 721 inferioris
1284 685 1435 734 partem
1466 697 1546 736 po-

161 755 381 794 steriorem.
456 751 610 790 Deinde
652 762 800 790 nervus
839 762 1017 801 pergens
1057 751 1107 790 ad
1155 752 1318 791 interius
1362 753 1547 793 maxillae

161 822 360 862 inferioris
391 821 493 860 latus
527 832 670 859 ramum
702 819 809 870 ejicit
847 819 896 858 ad
928 821 1053 859 cutem
1084 821 1174 859 ante
1207 832 1337 860 aurem
1369 823 1409 861 et
1447 822 1549 862 infra

163 891 313 930 oculum
354 891 480 929 sitam.
550 889 699 928 Postea
736 900 884 928 nervus
922 890 961 928 in
1001 891 1083 928 tres
1129 890 1376 941 disgreditur
1418 904 1549 932 ramos

163 972 185 1000 e
208 960 349 1013 quihus
383 959 543 998 inferior
575 959 700 997 cutem
729 959 905 1008 gutturis
936 958 1070 998 multis
1099 959 1258 999 ramulis
1290 963 1549 1015 conspergit3

165 1028 362 1067 secundus
393 1026 519 1066 tendit
550 1026 600 1065 ad
621 1028 745 1066 cutem
776 1027 1035 1067 mandibulae.
1097 1028 1260 1068 Tertius
1290 1042 1388 1069 vero
1420 1044 1550 1071 ramus

167 1097 372 1137 admodum
413 1109 572 1135 crassus
609 1097 728 1136 intrat
768 1096 805 1134 in
837 1096 1009 1136 canalem
1043 1110 1201 1137 osseum
1232 1099 1416 1138 maxillae
1446 1102 1552 1140 infe-

164 1167 305 1216 rim-is,
353 1165 591 1217 ramulisque
637 1165 686 1204 ad
726 1165 984 1204 membranam
1022 1179 1218 1207 mucosam
1260 1169 1300 1207 et
1335 1170 1554 1220 marginem

164 1234 350 1274 maxillae
372 1234 573 1273 inferIoris
605 1234 787 1273 demissis
818 1234 982 1273 eundem
1015 1236 1053 1274 in
1084 1224 1281 1276 anteriore
1313 1239 1418 1277 ossis
1438 1240 1553 1291 parte

166 1304 279 1344 finem
319 1304 424 1356 capit
454 1315 499 1342 ac
528 1315 657 1342 ramus
688 1301 974 1354 ophthalmicus
1005 1304 1041 1343 in
1072 1305 1232 1346 maxilla
1265 1309 1487 1359 superiore.

350 1507 860 1566 OBSERVATE«)
940 1508 1380 1570 UNDEOEMA.

782 1619 921 1626 ὴ,-

581 1702 619 1737 2'0
676 1704 824 1742 AVES
866 1706 1136 1748 RAPAOES.

515 1821 765 1876 Strix
828 1822 1223 1882 flammea.

311 1919 516 1959 Nervus
564 1932 734 1973 vagus
785 1934 868 1961 cum
912 1935 1038 1963 nervo
1085 1924 1471 1977 glossopharyngeo
1519 1925 1558 1967 in

173 1988 337 2028 eundem
378 1988 549 2027 canalem
589 2001 746 2029 osseum
778 1991 893 2031 modo
932 1993 1143 2043 ingressus
1182 1995 1379 2045 ganglion
1418 1996 1561 2037 format

141 2072 143 2075 ·
173 2057 393 2108 rotundum,
425 2070 501 2110 quo
534 2057 639 2097 facto
661 2070 734 2110 per
755 2060 926 2100 canalem
947 2062 1183 2114 peculiarem
1215 2075 1236 2102 e
1256 2065 1385 2104 cranio
1410 2077 1560 2116 egres-

173 2139 241 2165 sus
291 2126 390 2165 duos
440 2139 568 2165 ramos
620 2127 669 2166 ad
725 2141 888 2169 nervum
945 2131 1370 2184 glossopharyngeum
1428 2135 1559 2175 mittit.

171 2194 328 2235 Deinde
359 2196 397 2234 in
427 2195 552 2235 latere
584 2196 807 2249 oesophagi
829 2199 878 2238 ad
908 2203 1049 2252 peetus
1081 2202 1273 2253 decurrit,
1304 2203 1343 2242 in
1370 2215 1447 2256 quo
1471 2203 1560 2244 loeo

125 2314 134 2329 ι
172 2263 277 2304 haud
308 2277 419 2304 raros
442 2265 491 2304 ad
512 2266 738 2306 inferiorem
761 2268 986 2320 oesophagi
1008 2272 1158 2322 partem
1178 2271 1351 2323 porrigit
1374 2272 1559 2312 ramulos.

311 2333 520 2373 Nervus
560 2336 1106 2389 glossopharyngeus
1147 2352 1168 2379 e
1200 2341 1329 2380 cranio
1370 2341 1561 2392 prodIens

175 2402 372 2452 ganglion
403 2403 545 2443 format
586 2406 793 2445 rotundum
837 2408 939 2460 quod
981 2421 1125 2449 ramum
1164 2410 1407 2461 superiorem
1447 2412 1561 2452 nervi

177 2471 276 2520 vagi
308 2472 471 2523 excipit.
530 2472 594 2511 Ex
632 2473 708 2514 hoc
737 2476 907 2526 ganglio
939 2478 1020 2517 tres
1059 2479 1238 2517 emanant
1275 2479 1411 2520 nervi:
1451 2478 1562 2520 Unus

181 2537 361 2578 deorsum
394 2551 596 2592 vergenS,
644 2543 709 2595 qui
748 2556 853 2584 ramo
893 2545 943 2584 ad
974 2546 1126 2598 spicula
1156 2558 1299 2586 cornea
1337 2547 1482 2588 aditum
1512 2549 1563 2589 ad

179 2606 388 2657 laryngem
419 2610 629 2650 munientia
663 2611 834 2652 demisso
855 2625 937 2653 cum
966 2627 1072 2654 ramo
1103 2616 1289 2655 inferiore
1319 2618 1432 2656 nervi
1461 2619 1562 2669 vagi

179 2686 224 2713 se
255 2676 483 2729 conjungit,
527 2681 566 2719 et
604 2680 642 2720 in
683 2681 882 2734 complura
922 2682 985 2723 fila
1019 2684 1172 2726 divisus
1204 2685 1251 2725 ad
1287 2685 1560 2738 oesophagum
