1732 3014
894 248 956 292 16

229 371 306 407 tem
358 370 397 406 et
443 367 698 406 membranam
738 378 901 407 ceream.
962 368 1062 408 Tum
1107 369 1263 412 dimittit
1311 372 1503 412 surculum
1544 376 1609 428 qui

227 437 420 488 principio
452 437 490 475 iu
520 448 613 475 osse
644 448 822 488 prorsum
855 437 1000 489 tendit,
1041 441 1183 489 postea
1222 442 1349 480 autem
1384 443 1522 491 vergit
1560 443 1610 489 ad

228 507 353 544 cutem
402 506 590 555 gutturis.
650 505 856 544 Postremo
905 518 1003 545 vero
1054 519 1202 547 nervus
1240 510 1278 548 in
1318 509 1451 549 canale
1491 522 1609 550 osseo

225 586 406 625 prorsum
448 575 614 614 tendens
652 587 794 614 ramum
835 576 943 626 ejicit
982 577 1045 628 qui
1089 590 1209 629 supra
1243 580 1367 630 ipsum
1406 580 1446 618 in
1475 579 1611 618 canale

224 643 413 694 peculiari
444 644 605 683 eandem
636 657 807 698 sequens
839 645 1090 685 directionem
1125 646 1190 686 fila
1229 649 1346 688 mittit
1375 648 1423 688 ad
1455 648 1610 698 margi-

222 724 307 751 nem
346 713 530 752 maxillae
561 714 784 765 inferioris3
826 716 969 765 postea
1006 728 1098 754 mox
1128 716 1166 755 in
1200 717 1420 769 complures
1452 716 1609 756 finditur

221 780 420 832 surculos,
453 783 518 835 qui
551 782 776 822 dilabuutur
806 783 844 822 in
876 783 997 822 rostri
1035 785 1277 834 tegmentum
1310 794 1505 826 corneum.

465 985 973 1042 OBSERVATIO
1017 987 1358 1054 QUAR'PA.

640 1152 686 1185 2.
728 1150 875 1186 AVFIS
903 1149 1175 1190 GRALLAE.

613 1265 922 1319 Fuliea
1001 1271 1198 1338 atra.

347 1365 553 1405 Nervus
594 1376 764 1414 vagus
805 1376 949 1403 ramum
990 1364 1097 1415 ejicit
1137 1364 1184 1403 ad
1225 1377 1387 1406 nervum
1427 1366 1599 1417 glosso-

207 1433 505 1487 pliaryngoiung
545 1434 624 1472 tum
663 1434 758 1484 post
795 1431 1071 1483 oesophagum
1117 1433 1321 1473 descendit
1362 1435 1411 1474 ad
1442 1436 1597 1487 peetus,

208 1505 340 1557 ibique
370 1505 465 1555 post
492 1501 654 1541 intimam
675 1499 860 1540 trachcae
890 1503 1043 1552 partem
1075 1503 1112 1541 in
1144 1502 1242 1541 duos
1260 1495 1460 1543 ¹surculos
1488 1504 1598 1543 scin—

208 1573 335 1622 ditur,
367 1584 528 1624 quorum
559 1570 714 1609 tenuior
744 1570 871 1608 tendit
904 1570 953 1609 ad
987 1571 1210 1609 inferiorem
1243 1571 1467 1624 oesophagi
1498 1583 1597 1624 par-·

206 1644 284 1682 tem
314 1641 444 1681 multis
476 1652 559 1678 eam
589 1638 666 1677 filis
697 1650 986 1689 conspergens·

345 1721 550 1760 Nervus
581 1717 1130 1770 glossopharyngeus
1170 1719 1300 1758 cranio
1329 1718 1467 1757 rclIcto
1501 1731 1595 1758 mox

207 1789 327 1829 efficit
356 1788 574 1839 ganglion,
623 1787 734 1838 cujus
772 1788 810 1826 in
849 1788 1079 1835 inferiorem
1120 1790 1270 1839 partem
1309 1799 1439 1826 ramus
1479 1787 1592 1826 nervi

204 1860 304 1910 vagi
336 1857 552 1897 descendit.
612 1855 713 1895 Tum
745 1868 925 1907 prorsum
956 1868 1136 1907 vergens
1161 1858 1281 1908 juxta
1314 1855 1591 1907 oesophagum

203 1928 243 1967 in
273 1927 371 1967 duos
402 1938 531 1965 ramos
573 1924 785 1975 scinditur,
833 1937 993 1977 quorum
1026 1926 1208 1976 superior
1244 1922 1428 1964 nonnulla
1458 1925 1591 1964 tenuia

202 1996 267 2036 fila
306 1996 422 2035 mittit
462 1994 510 2033 ad
541 1992 790 2045 pllaryngem
822 1994 900 2032 tum
932 1994 1045 2033 etiam
1076 1994 1125 2033 ad
1154 1993 1373 2044 musculos,
1414 1993 1478 2045 qui
1510 1992 1589 2032 lin-

201 2050 320 2113 ²{ruam
349 2063 560 2115 projiciunt
588 2060 896 2114 retrahuntqucg
943 2062 1124 2115 denique,
1155 2061 1220 2101 filo
1251 2062 1300 2101 ad
1330 2061 1588 2102 membranam

201 2145 395 2172 mucosam
426 2132 569 2171 radicis
600 2132 763 2181 liuguae
795 2131 937 2182 ejecto,
969 2131 1018 2170 ad
1048 2143 1228 2180 magnam
1259 2131 1486 2170 tenuitatem
1516 2141 1586 2170 re-

202 2202 340 2242 dactus
371 2200 554 2239 dilabitur
584 2201 623 2239 in
642 2199 885 2251 superficiem
916 2199 1091 2250 linguae.
1151 2197 1318 2238 Inferior
1342 2200 1469 2238 autem
1498 2211 1584 2239 ma-

193 2270 298 2322 joris
351 2268 623 2309 crassitudinis
673 2280 802 2307 ramus
841 2268 877 2306 in
910 2267 1009 2307 duos
1050 2267 1240 2307 dividitur
1278 2266 1482 2318 surculos,
1530 2278 1584 2306 ex

200 2339 341 2392 quibus
391 2338 562 2376 crassior
611 2337 791 2376 deorsum
840 2337 1049 2376 secundum
1098 2334 1373 2387 oesophagum
1413 2334 1581 2374 tendens

199 2407 448 2459 ramulosque
477 2405 567 2444 huic
597 2407 807 2445 annectens
839 2405 1068 2445 observanti
1097 2417 1173 2444 non
1206 2404 1341 2454 deest,
1373 2404 1463 2456 quin
1494 2414 1581 2441 eum

199 2477 237 2515 in
267 2477 405 2527 pectus
437 2474 737 2514 descendentem
758 2475 945 2514 inveniat.
1004 2473 1123 2519 Alter
1146 2484 1243 2512 vero
1275 2472 1428 2511 tenuior
1457 2460 1578 2523 pror‘-

199 2557 283 2583 sum
311 2543 477 2582 tendens
506 2542 714 2582 nonnullos
755 2543 862 2594 ejicit
892 2542 942 2582 ad
971 2540 1219 2594 pharyngem
1257 2539 1449 2589 ramulos,
1498 2540 1577 2578 tum

193 2613 312 2663 juxta
350 2611 556 2661 laryngem
598 2624 751 2651 sursum
791 2612 948 2662 pergit,
998 2610 1114 2663 inque
1162 2608 1381 2660 complures
1421 2608 1576 2647 divisus

1482 2685 1573 2714 sur-
