1732 3014
779 262 836 306 14

113 398 233 436 guem
261 387 378 436 atque
412 385 447 423 in
479 383 629 434 spicula
661 383 820 423 subtilia
859 385 896 423 lu
928 394 1074 423 summo
1104 382 1349 425 mandibulae
1382 385 1491 437 apice

113 454 349 494 accumulata
382 452 705 504 progrediuntur.

367 579 874 698 OBSERVATIQ
926 623 1244 680 TERTIA.

399 768 776 839 Colymbus
839 770 1202 826 cristatus,

249 858 451 897 Nervus
492 870 660 908 vagus
706 856 810 896 haud
849 858 903 896 ita
940 870 1114 897 erassum
1155 870 1298 897 ramum
1330 850 1505 910 praehet

110 925 160 964 ad
190 918 351 965 nervum
383 925 818 978 glossopharyngeum,
851 939 926 979 quo
958 928 1062 966 facto
1094 928 1132 966 in
1162 929 1302 978 peetus
1326 927 1495 967 descen-

110 993 166 1034 dit
189 994 316 1034 nullos
348 995 397 1034 ad
427 996 649 1034 inferiorem
682 995 907 1046 oesophagi
937 998 1088 1047 partem
1121 996 1318 1034 dimittens
1351 1008 1494 1035 ramos.

246 1064 450 1103 Nervus
481 1064 1028 1116 glossopharyngeus
1072 1066 1202 1104 eranio
1233 1064 1372 1104 relicto
1403 1076 1498 1104 mox

108 1131 228 1171 efficit
257 1133 474 1184 ganglion,
507 1134 618 1184 eujus
649 1135 685 1172 10
718 1135 960 1185 superiorem
982 1136 1133 1185 partem
1164 1147 1292 1173 ramus
1325 1134 1496 1173 descen-

107 1199 164 1238 dit
193 1202 304 1240 nervi
335 1203 447 1251 vagi.
508 1202 540 1239 Ε
562 1203 729 1252 ganglio
757 1204 837 1242 ’11110
860 1203 1157 1254 proficiscuntur
1187 1204 1304 1253 rami,
1336 1215 1498 1256 quorum

106 1271 287 1320 superior
318 1270 419 1309 filum
452 1271 596 1310 subtile
628 1273 745 1310 mittit
776 1272 823 1310 ad
848 1272 1121 1323 pliaryngem:
1155 1272 1294 1311 deinde
1326 1273 1363 1310 in
1396 1271 1495 1310 duos

107 1336 299 1377 discissus
333 1341 505 1379 ramulos
538 1341 700 1380 alterum
733 1343 840 1393 ejicit
871 1342 916 1380 ad
950 1343 1141 1392 posticam
1172 1353 1315 1380 versus
1346 1342 1497 1392 partem

106 1405 145 1444 in
184 1408 396 1446 musculum
437 1410 609 1448 conicum
651 1411 755 1448 ossis
796 1409 981 1461 hyoidei,
1034 1410 1196 1449 alterum
1242 1411 1291 1449 ad
1331 1411 1496 1449 anticam

106 1486 251 1514 versus
291 1477 453 1515 eundem
496 1478 706 1517 musculum
747 1479 794 1517 1111
836 1479 1037 1517 exteriore
1076 1480 1190 1528 parte
1233 1479 1497 1528 praetergre-

108 1543 274 1582 dientem
322 1546 437 1597 eique
478 1547 662 1586 nonnulla
702 1548 862 1587 subtilia
901 1548 964 1586 fila
1003 1548 1220 1586 tradentem
1265 1546 1314 1585 ad
1353 1558 1498 1598 super-

108 1611 229 1650 ficiem
268 1613 452 1663 ling—uae,
492 1615 558 1654 uhi
599 1617 635 1654 in
677 1616 876 1666 complura
915 1615 1099 1655 dilabitur
1138 1615 1352 1666 illamenta,
1398 1627 1497 1668 quae

107 1683 273 1732 propter
321 1684 524 1722 maximam
572 1684 827 1723 subtilitatem
878 1685 927 1723 ad
974 1683 1086 1723 finem
1137 1696 1262 1736 usque
1310 1684 1498 1736 persequi

109 1761 184 1788 non
224 1749 329 1788 licet.
396 1749 566 1791 Inferior
604 1754 732 1791 autem
773 1753 837 1804 qui
878 1764 899 1791 e
938 1754 1105 1802 ganglio
1145 1753 1326 1804 procedit
1368 1765 1497 1792 ramus

111 1818 225 1857 simili
274 1818 389 1857 modo
437 1821 475 1858 in
520 1821 618 1859 duos
664 1821 844 1860 surculos
891 1821 1136 1872 digreditur,
1191 1835 1351 1874 quorum
1399 1821 1499 1861 alter

112 1888 188 1926 situ
228 1889 410 1939 superior
449 1886 630 1941 prorsum
654 1891 837 1930 'tendens
869 1892 1001 1930 tenuia
1039 1890 1103 1930 fila
1134 1891 1291 1931 dimittit
1331 1891 1381 1930 ad
1411 1904 1498 1930 mu-

112 1956 243 1995 sculos
281 1957 455 2007 linguam
493 1961 724 2007 moventes,
778 1960 893 2011 inque
932 1959 1116 2011 laryngis
1156 1959 1281 1999 latere
1321 1960 1358 1998 in
1399 1959 1499 1998 duos

110 2024 301 2064 'dividitur
353 2028 545 2077 ranmlos,
604 2040 763 2080 quorum
823 2030 994 2067 crassior
1052 2030 1088 2067 111
1146 2028 1264 2067 multa
1321 2027 1499 2079 dilapsus

114 2093 177 2132 fila
213 2095 470 2145 progreditur
509 2095 558 2134 ad
591 2096 847 2135 membranam
878 2109 1070 2136 mucosam
1110 2108 1236 2148 prope
1267 2095 1498 2147 laryngem3

114 2163 267 2201 tenuior
305 2165 432 2202 autem
471 2164 598 2203 tendit
646 2164 693 2203 ad
739 2164 983 2216 superficiem
1028 2166 1189 2214 linguae
1234 2178 1327 2204 mox
1373 2167 1499 2204 tamen

117 2230 391 2271 observantem
414 2234 583 2280 aui'ungt.
643 2232 683 2271 Is
715 2245 812 2272 vero
844 2234 1023 2272 surculus
1055 2235 1119 2285 qui
1147 2234 1371 2274 inferiorem
1391 2232 1500 2272 tenet

118 2299 240 2338 locum
278 2301 458 2351 procedit
497 2301 545 2339 ad
589 2301 862 2352 oesophagum
905 2313 1068 2355 eumque
1106 2302 1155 2342 ad
1196 2304 1335 2353 peetus
1374 2311 1500 2354 usque

119 2367 419 2408 descendentem
456 2366 643 2422 persequi
672 2370 778 2410 licet.

255 2437 457 2477 Nervus
488 2438 860 2489 hypoglossus
892 2452 1053 2478 nervum
1086 2451 1232 2488 vagum
1255 2448 1502 2489 supergres-

121 2517 187 2543 sus
221 2507 338 2558 atque
386 2507 502 2545 nullis
545 2520 627 2546 cum
667 2520 714 2546 eo
745 2507 951 2547 filamentis
975 2508 1136 2559 junctus
1166 2518 1346 2557 prorsum
1377 2504 1503 2544 tendit
1548 2541 1558 2546 -

121 2571 233 2622 plura
263 2572 444 2612 deorsum
487 2576 535 2614 ad
566 2575 763 2615 traclream
788 2577 1001 2616 deflectens
1033 2575 1109 2615 tila.
1169 2574 1322 2613 Deinde
1353 2584 1501 2613 nervus

123 2641 305 2680 nonnulla
342 2644 474 2682 tenuia
513 2644 575 2683 iila
616 2645 761 2685 inducit
792 2646 828 2684 in
859 2646 1100 2697 superiorem
1131 2641 1314 2684 tracheae
1352 2643 1501 2693 partem
