1732 3014
786 283 850 330 29

133 416 236 456 duos
275 413 417 454 emittit
461 421 618 461 ramos3
672 419 694 448 e
733 406 875 462 quihus
925 404 1048 457 alter,
1092 403 1295 458 perforata
1335 402 1519 444 deorsum

132 483 293 525 maxilla
331 481 542 531 inferiore,
592 477 656 517 fila
695 476 843 528 disjicit
889 475 928 514 in
967 476 1092 514 cutem
1132 473 1323 524 gutturis.
1399 472 1521 512 Alter

133 566 232 595 vero
275 549 485 592 seeundum
540 548 786 599 superiorem
834 543 1021 584 maxillae
1058 543 1258 583 inferioris
1304 543 1522 592 marginem

132 633 314 676 prorsum
344 630 525 668 vergens
556 616 620 657 fila
652 615 854 666 dispergit
883 615 922 653 in
953 614 1078 652 cutem
1108 611 1368 653 mandibulae.
1436 610 1524 650 Po·-

133 693 280 731 stremo
312 699 460 727 nervus
481 687 519 725 in
552 697 645 725 osse
668 696 850 736 prorsum
881 682 1048 722 tendens
1069 680 1135 721 fila
1164 682 1281 720 mittit
1299 680 1403 720 haud
1435 692 1524 719 rara

130 760 171 799 in
200 757 461 798 membranam
494 767 690 794 mucosum
720 752 906 792 maxillae
937 752 1160 803 inferioris,
1191 751 1308 804 inque
1340 748 1526 788 nonnulla

132 827 326 867 discissus
356 825 421 864 fila
450 825 552 863 inter
582 836 627 862 os
661 823 700 862 et
740 823 983 872 tegmentum
1014 833 1197 861 corneum
1227 819 1395 861 extremi
1433 819 1525 871 api-

133 897 192 937 cis
221 895 345 937 rostri
377 893 521 934 finitur.

371 1097 883 1156 OBSERVATffl
918 1133 922 1134 ff
962 1086 1305 1153 DECIMA(

797 1207 902 1215 *-

531 1276 811 1334 Corvus
874 1295 1149 1334 corone.

278 1377 483 1417 Nervus
529 1390 698 1428 vagus
748 1377 785 1417 in
825 1377 961 1416 canale
1007 1389 1128 1417 osseo
1171 1388 1244 1428 per
1289 1387 1403 1429 quem
1447 1374 1533 1414 exit

135 1459 158 1487 e
189 1448 319 1487 eranio
351 1448 389 1486 in
420 1447 616 1497 gauglion
647 1446 863 1495 oblongum
895 1448 1068 1497 augetur
1098 1447 1138 1485 et
1156 1445 1338 1497 proxime
1367 1456 1533 1484 nervum

136 1514 560 1567 glossopharyngcum
611 1516 799 1570 relinquit
838 1517 1007 1556 cranium
1046 1516 1241 1569 brevique
1281 1514 1353 1554 sed
1395 1524 1532 1553 erasse

137 1585 189 1625 ad
218 1584 320 1624 hune
350 1596 514 1625 nervum
556 1586 685 1638 ejecto
731 1599 837 1625 ramo
881 1587 976 1638 post
1016 1598 1156 1626 venam
1194 1583 1425 1637 jugularem
1458 1582 1534 1622 de-

139 1655 293 1694 seendIt
323 1654 534 1693 seeundum
567 1655 720 1695 collum.
1459 1707 1462 1708 ⁷

278 1723 486 1762 Nervus
517 1723 1081 1776 ‘glossopharyugeus
1123 1735 1144 1761 e
1176 1722 1306 1761 cranio
1339 1733 1535 1772 egressus

139 1791 336 1842 ganglion
369 1792 489 1832 efficit
521 1794 633 1845 eujus
667 1794 704 1833 in
737 1794 959 1833 inferiorem
991 1793 1141 1844 partem
1168 1791 1375 1831 deseendit
1404 1802 1534 1830 ramus

138 1861 254 1901 nervi
289 1863 399 1911 vagi.
459 1861 610 1902 Postea
648 1876 741 1902 mox
771 1873 916 1902 ramum
949 1862 1055 1913 ejicit
1087 1862 1151 1914 qui
1192 1862 1426 1900 anteriorem
1458 1871 1536 1898 ex·-

140 1931 406 1983 terioremque
446 1933 601 1981 partem
648 1933 792 1983 petens
834 1943 979 1970 versus
1021 1943 1139 1969 cornu
1185 1930 1348 1980 linguae
1394 1928 1535 1968 tendit.

139 1997 200 2038 Ihi
231 2000 267 2038 iu
302 1999 401 2038 duos
442 2000 623 2039 surculos
662 2000 843 2051 finditur,
887 2013 1050 2052 quorum
1090 1999 1190 2038 alter
1231 1998 1280 2038 ad
1321 1997 1535 2037 musculum

141 2069 315 2107 conicum
347 2069 453 2107 ossis
484 2068 648 2120 hyoidei
681 2082 725 2108 se
757 2070 933 2119 confert,
977 2069 1077 2108 alter
1108 2068 1181 2107 sul)
1223 2080 1342 2107 cornu
1373 2067 1538 2118 linguae

138 2149 320 2189 prorsum
348 2138 487 2189 tendit,
519 2141 637 2191 atque
668 2139 864 2178 nonnullis
894 2138 1052 2177 ramulis
1085 2138 1240 2176 emissis
1272 2138 1309 2176 in
1339 2137 1536 2176 membra-

140 2219 227 2246 nam
259 2219 455 2246 mueosam
478 2207 600 2258 juxta
630 2208 775 2247 aditum
807 2208 856 2247 ad
888 2207 1098 2258 laryugem
1130 2207 1167 2246 in
1187 2206 1345 2246 dorsum
1371 2206 1535 2257 linguae

141 2274 371 2326 dissipatur.
455 2275 612 2315 Deinde
663 2289 812 2316 nervus
865 2275 1278 2328 glossopharyngeus
1326 2275 1535 2315 nonnullos

140 2355 292 2395 parvos
324 2344 506 2384 surculos
539 2358 693 2385 sursum
726 2345 888 2396 dirigit,
926 2345 1099 2397 majores
1130 2357 1229 2384 vero
1271 2344 1453 2383 deorsum
1485 2343 1536 2383 ad

141 2411 392 2463 pharyngem
433 2414 472 2452 et
515 2413 816 2466 oesophagum,
859 2425 905 2453 ac
944 2413 1114 2466 denique
1144 2412 1410 2464 geonjungitur
1451 2425 1534 2452 eum

142 2480 299 2531 surculo
329 2482 443 2520 nervi
474 2481 741 2534 hypoglossi,
782 2495 946 2536 quocum
985 2481 1198 2521 musculum
1239 2482 1535 2533 transgreditur

143 2550 517 2590 steruotraehealem
548 2553 768 2605 tenuesque
799 2552 978 2592 surculos
1010 2550 1213 2590 distribuit
1241 2551 1279 2589 in
1309 2550 1533 2602 laryngem.

142 2616 257 2671 Quod
287 2620 400 2659 nervi
433 2620 622 2674 reliquum
669 2622 733 2660 est
771 2622 874 2661 inter
909 2620 1124 2660 musculum
1165 2632 1287 2672 supra
1319 2620 1461 2660 (lictum
1495 2622 1535 2660 et

142 2685 338 2726 traehcam
369 2687 446 2727 filis
482 2688 581 2730 hanc
610 2701 886 2742 conspergens
908 2688 1115 2730 descendit
1137 2688 1347 2729 seeundum
1378 2689 1531 2729 rollum.
