1732 3014
897 252 958 296 20

235 373 462 426 palpebram
511 374 754 423 superiorem
805 371 998 424 aliumque
1043 383 1116 422 per
1159 358 1352 412 canalem*
1375 385 1533 414 osseum
1585 377 1623 415 in

233 442 490 481 membranam
521 452 671 480 ceream
700 441 784 480 nasi
816 441 934 493 atque
965 441 1005 479 in
1035 452 1214 481 carneam
1244 441 1427 482 metulam
1456 443 1494 482 in
1526 455 1623 482 naso

234 513 362 550 sitam.
424 509 547 549 Paulo
578 512 673 561 post
704 521 851 549 nervus
884 509 1004 549 intrat
1033 509 1071 548 in
1098 521 1236 550 cavum
1265 512 1352 551 nasi
1382 510 1449 550 ubi
1479 523 1626 551 secun-

235 580 321 619 ‹lum
353 580 508 630 septum
538 579 685 618 narium
717 579 880 630 primum
911 590 1115 631 prorsum,
1151 580 1230 619 tum
1261 592 1443 632 prorsum
1475 592 1522 619 ac
1552 579 1628 619 de-

234 661 389 699 orsum,
430 648 633 699 postremo
665 647 833 699 denique
862 648 971 687 recta
1001 648 1069 686 via
1098 660 1236 687 rursus
1277 661 1460 700 prorsum
1500 648 1629 688 tendit

233 717 464 756 tenuissima
493 715 688 755 filamenta
720 716 934 756 deflectens
966 716 1016 756 ad
1046 717 1304 756 membranam
1332 716 1628 757 Schneide-

233 787 435 824 rianam.
506 785 615 824 Ante
654 784 780 824 locum
826 786 864 824 in
911 798 987 838 quo
1036 798 1131 825 ossa
1172 786 1497 826 intermaxillaria
1528 786 1628 838 jun-

196 898 198 900 ,
233 857 382 903 guntur
412 853 520 892 multi
552 856 699 892 exeunt
729 854 864 892 ramuli
895 853 946 892 ad
974 854 1200 893 interiorem
1231 855 1478 907 superficiem
1498 855 1626 906 partis

233 923 351 961 rostri
395 922 617 961 anterioris.
681 920 795 976 Quod
827 922 940 960 nervi
974 921 1165 975 reliquum
1204 926 1267 963 est
1297 936 1369 975 per
1401 936 1446 962 os
1487 924 1526 962 in
1557 934 1627 962 ca-

233 1005 322 1029 vum
357 991 443 1042 ejus
476 991 594 1029 intrat
631 990 831 1042 peculiare
871 991 936 1029 uhi
979 990 1100 1030 efficIt
1139 992 1282 1032 nodum
1323 992 1534 1044 pulposum
1573 1002 1627 1030 ex

231 1074 308 1113 quo
351 1059 627 1108 digrediuntur
660 1059 769 1099 multi
801 1061 945 1100 tenues
983 1061 1119 1100 ramuli
1157 1061 1259 1101 inter
1292 1074 1338 1101 os
1378 1065 1497 1115 atque
1528 1060 1627 1110 teg-

230 1132 398 1169 mentum
432 1129 551 1167 ΥθΞ-ῘΓΞ
584 1141 779 1168 corneum.

371 1198 551 1236 Ramus
590 1198 888 1237 maxillaris
928 1198 1169 1248 superior
1202 1199 1332 1237 cranio
1364 1198 1504 1238 relicto
1531 1209 1626 1236 mox

233 1269 267 1305 in
309 1265 407 1305 duos
451 1267 641 1306 scinditur
680 1265 860 1305 surculos
894 1278 1056 1317 quorum
1097 1267 1199 1306 alter
1239 1269 1442 1307 externam
1472 1267 1625 1319 partem

229 1347 275 1373 ae
307 1336 551 1386 superiorem
580 1336 722 1387 petens
754 1347 798 1373 se
830 1335 984 1374 confert
1022 1335 1071 1374 ad
1101 1335 1330 1387 palpebram
1362 1336 1623 1387 superiorem,

230 1405 295 1441 ubl
344 1404 380 1442 in
420 1404 540 1444 multa
579 1403 773 1442 filamenta
820 1402 940 1441 fissus
980 1404 1150 1453 aufugit.
1217 1403 1337 1444 Alter
1382 1416 1481 1444 vero
1520 1404 1623 1443 infra

228 1471 483 1523 periorbitam
522 1483 703 1523 prorsum
734 1482 914 1521 vergens
956 1472 1136 1510 surculus
1177 1472 1377 1512 distribuit
1407 1473 1445 1511 in
1473 1472 1621 1524 palpe-

227 1540 336 1580 bram
368 1541 591 1580 inferiorem
630 1552 675 1579 ac
705 1541 784 1580 tum
817 1539 1009 1579 discissus
1043 1543 1083 1580 et
1112 1542 1151 1580 in
1185 1543 1402 1592 marginem
1430 1542 1552 1582 rostri
1582 1542 1623 1581 et

223 1611 265 1648 ‘in
297 1609 553 1649 membranam
584 1609 705 1661 palati
738 1609 833 1648 abit.

367 1677 548 1717 Ramus
578 1669 874 1716 maxillaris
905 1677 1125 1716 inferior
1156 1678 1286 1717 cranio
1307 1677 1447 1718 relicto
1474 1690 1619 1717 ramum

229 1745 402 1785 deflectit
432 1745 686 1797 temporalem
720 1745 769 1784 ad
799 1745 1012 1785 musculum
1043 1747 1104 1785 cui
1132 1746 1235 1786 idem
1256 1758 1418 1798 nomen,
1448 1759 1620 1786 ramum-

227 1827 304 1867 que
344 1815 448 1854 intus
488 1816 746 1866 vergentem,
799 1816 864 1868 qui
902 1828 994 1855 mox
1041 1817 1080 1855 in
1122 1816 1243 1855 multa
1281 1815 1345 1855 fila
1387 1815 1618 1856 distrahitur

227 1894 329 1935 quae
372 1882 530 1924 dimittit
568 1883 607 1922 in
647 1882 844 1923 musculos
884 1884 950 1936 qui
989 1885 1072 1924 ossi
1113 1884 1304 1938 quadrato
1343 1896 1387 1924 se
1426 1885 1617 1925 inserunt.

227 1950 382 1990 Deinde
422 1950 628 1990 descendit
665 1951 715 1991 ad
754 1951 857 1991 latus
896 1952 1142 1992 mandibulae
1173 1954 1337 1993 interius
1369 1954 1433 1993 ubi
1473 1967 1618 1994 ramum

228 2021 431 2059 externam
456 2020 656 2071 petentem
681 2022 833 2071 partem
865 2021 973 2072 ejicit
1003 2022 1051 2061 ad
1083 2025 1206 2062 cutem
1238 2022 1421 2062 maxillae
1451 2023 1619 2063 inferio—

226 2087 306 2138 ris,
351 2088 468 2141 inque
501 2088 671 2127 canalem
707 2100 863 2127 osseum
904 2090 1112 2140 ingressus
1153 2104 1296 2132 ramum
1328 2092 1512 2132 deorsum
1544 2092 1619 2132 de-

228 2155 349 2194 flectit
388 2155 437 2195 ad
468 2158 594 2195 cutem
635 2157 811 2206 gutturis
853 2169 898 2196 ac
938 2160 1015 2197 tum
1047 2171 1227 2210 prorsum
1264 2160 1478 2212 prolapsus
1510 2173 1619 2200 com-

226 2223 363 2275 plures
411 2223 522 2279 alios·
553 2223 754 2275 dispergit
799 2225 838 2264 in
887 2226 1143 2266 membranam
1191 2241 1387 2268 mucosam
1436 2229 1619 2268 maxillae

226 2291 425 2331 inferioris
472 2292 588 2344 inque
638 2292 726 2344 ejus
772 2295 1001 2344 marginem.
1078 2295 1286 2336 Postremo
1328 2309 1424 2337 vero
1469 2309 1620 2337 nervus

227 2360 362 2399 eadem
403 2360 577 2411 ratione,
621 2373 697 2413 qua
736 2374 865 2401 ramus
895 2363 1043 2414 primus
1083 2375 1104 2403 e
1143 2365 1312 2416 ganglio
1346 2365 1535 2418 Gasscri,
1579 2367 1619 2406 in

227 2431 405 2468 extrema
435 2429 548 2480 parte
577 2428 761 2469 maxillae
791 2430 991 2470 inferioris
1022 2432 1060 2470 in
1086 2433 1274 2483 peculiari
1306 2446 1476 2474 caverna
1499 2447 1619 2475 ossea

226 2495 347 2536 efficit
385 2496 526 2535 nodum
566 2508 618 2536 ex
659 2509 735 2551 quo
776 2498 895 2538 multa
934 2498 997 2538 fila
1038 2500 1384 2552 transgrediuntur
1425 2504 1528 2544 inter
1571 2516 1618 2543 os

225 2565 343 2616 atque
376 2576 557 2605 corneum
587 2566 707 2606 rostri
741 2567 996 2618 tegmentum.
