<?xml version="1.0" encoding="UTF-8"?>
<!DOCTYPE html PUBLIC "-//W3C//DTD XHTML 1.0 Transitional//EN"
    "http://www.w3.org/TR/xhtml1/DTD/xhtml1-transitional.dtd">
<html xmlns="http://www.w3.org/1999/xhtml" xml:lang="en" lang="en">
 <head>
  <title>
</title>
<meta http-equiv="Content-Type" content="text/html;charset=utf-8" />
  <meta name='ocr-system' content='tesseract 3.04.00' />
  <meta name='ocr-capabilities' content='ocr_page ocr_carea ocr_par ocr_line ocrx_word'/>
</head>
<body>
  <div class='ocr_page' id='page_1' title='image "./deaviumnervisros00bamb_0028.png"; bbox 0 0 1732 3014; ppageno 0'>
   <div class='ocr_carea' id='block_1_1' title="bbox 897 338 955 379">
    <p class='ocr_par' dir='ltr' id='par_1_1' title="bbox 897 338 955 379">
     <span class='ocr_line' id='line_1_1' title="bbox 897 338 955 379; baseline 0.017 -1"><span class='ocrx_word' id='word_1_1' title='bbox 897 338 955 379; x_wconf 75' lang='lat'>22</span> 
     </span>
    </p>
   </div>
   <div class='ocr_carea' id='block_1_2' title="bbox 787 401 884 408">
    <p class='ocr_par' dir='ltr' id='par_1_2' title="bbox 787 401 884 408">
     <span class='ocr_line' id='line_1_2' title="bbox 787 401 884 408; baseline -0.01 0"><span class='ocrx_word' id='word_1_2' title='bbox 787 401 867 408; x_wconf 55' lang='grc'>..-</span> <span class='ocrx_word' id='word_1_3' title='bbox 879 403 884 407; x_wconf 83' lang='lat'><em>.</em></span> 
     </span>
    </p>
   </div>
   <div class='ocr_carea' id='block_1_3' title="bbox 885 403 1060 409">
    <p class='ocr_par' dir='ltr' id='par_1_3' title="bbox 885 403 1060 409">
     <span class='ocr_line' id='line_1_3' title="bbox 885 403 1060 409; baseline 0 0"><span class='ocrx_word' id='word_1_4' title='bbox 885 403 1060 409; x_wconf 95' lang='lat' dir='ltr'> </span> 
     </span>
    </p>
   </div>
   <div class='ocr_carea' id='block_1_4' title="bbox 232 455 1631 2569">
    <p class='ocr_par' dir='ltr' id='par_1_4' title="bbox 232 455 1626 1195">
     <span class='ocr_line' id='line_1_4' title="bbox 233 455 1616 507; baseline -0.001 -11"><span class='ocrx_word' id='word_1_5' title='bbox 233 469 335 507; x_wconf 70' lang='lat' dir='ltr'>gens</span> <span class='ocrx_word' id='word_1_6' title='bbox 378 458 546 497; x_wconf 71' lang='lat' dir='ltr'>deflectit</span> <span class='ocrx_word' id='word_1_7' title='bbox 589 457 638 496; x_wconf 85' lang='lat' dir='ltr'>ad</span> <span class='ocrx_word' id='word_1_8' title='bbox 678 459 801 496; x_wconf 86' lang='lat' dir='ltr'>cutem</span> <span class='ocrx_word' id='word_1_9' title='bbox 841 458 959 496; x_wconf 86' lang='lat' dir='ltr'>rostri</span> <span class='ocrx_word' id='word_1_10' title='bbox 999 457 1100 496; x_wconf 83' lang='lat' dir='ltr'>circa</span> <span class='ocrx_word' id='word_1_11' title='bbox 1139 467 1268 497; x_wconf 88' lang='lat' dir='ltr'>nares.</span> <span class='ocrx_word' id='word_1_12' title='bbox 1329 455 1429 496; x_wconf 87' lang='lat' dir='ltr'>Tum</span> <span class='ocrx_word' id='word_1_13' title='bbox 1469 466 1616 496; x_wconf 80' lang='lat' dir='ltr'>nervus</span> 
     </span>
     <span class='ocr_line' id='line_1_5' title="bbox 233 523 1621 578; baseline -0.003 -12"><span class='ocrx_word' id='word_1_14' title='bbox 233 528 415 577; x_wconf 85' lang='lat' dir='ltr'>penetrat</span> <span class='ocrx_word' id='word_1_15' title='bbox 446 528 482 566; x_wconf 87' lang='lat' dir='ltr'>in</span> <span class='ocrx_word' id='word_1_16' title='bbox 514 538 651 566; x_wconf 86' lang='lat' dir='ltr'>cavum</span> <span class='ocrx_word' id='word_1_17' title='bbox 684 526 770 565; x_wconf 82' lang='lat' dir='ltr'>nasi</span> <span class='ocrx_word' id='word_1_18' title='bbox 801 525 1090 578; x_wconf 85' lang='lat' dir='ltr'>secundumque</span> <span class='ocrx_word' id='word_1_19' title='bbox 1119 527 1273 577; x_wconf 89' lang='lat' dir='ltr'>septum</span> <span class='ocrx_word' id='word_1_20' title='bbox 1302 525 1472 575; x_wconf 84' lang='lat' dir='ltr'>narium,</span> <span class='ocrx_word' id='word_1_21' title='bbox 1513 523 1621 577; x_wconf 85' lang='lat' dir='ltr'>quod</span> 
     </span>
     <span class='ocr_line' id='line_1_6' title="bbox 234 592 1622 647; baseline -0.001 -15"><span class='ocrx_word' id='word_1_22' title='bbox 234 596 475 634; x_wconf 77' lang='lat' dir='ltr'>tenuissimis</span> <span class='ocrx_word' id='word_1_23' title='bbox 505 594 580 633; x_wconf 82' lang='lat' dir='ltr'>filis</span> <span class='ocrx_word' id='word_1_24' title='bbox 612 596 845 646; x_wconf 76' lang='lat' dir='ltr'><strong>conspergit</strong></span> <span class='ocrx_word' id='word_1_25' title='bbox 876 607 1056 646; x_wconf 90' lang='lat' dir='ltr'>prorsum</span> <span class='ocrx_word' id='word_1_26' title='bbox 1087 594 1346 647; x_wconf 84' lang='lat' dir='ltr'><strong>deorsumque</strong></span> <span class='ocrx_word' id='word_1_27' title='bbox 1377 592 1504 632; x_wconf 87' lang='lat' dir='ltr'>tendit</span> <span class='ocrx_word' id='word_1_28' title='bbox 1541 593 1622 631; x_wconf 88' lang='lat' dir='ltr'>tum</span> 
     </span>
     <span class='ocr_line' id='line_1_7' title="bbox 234 661 1621 714; baseline 0 -14"><span class='ocrx_word' id='word_1_29' title='bbox 234 673 330 701; x_wconf 84' lang='lat' dir='ltr'>vero</span> <span class='ocrx_word' id='word_1_30' title='bbox 361 663 399 701; x_wconf 92' lang='lat' dir='ltr'>in</span> <span class='ocrx_word' id='word_1_31' title='bbox 430 663 549 702; x_wconf 80' lang='lat' dir='ltr'>fundo</span> <span class='ocrx_word' id='word_1_32' title='bbox 580 664 664 703; x_wconf 86' lang='lat' dir='ltr'>nasi</span> <span class='ocrx_word' id='word_1_33' title='bbox 696 666 804 704; x_wconf 84' lang='lat' dir='ltr'>recta</span> <span class='ocrx_word' id='word_1_34' title='bbox 834 664 901 702; x_wconf 83' lang='lat' dir='ltr'>via</span> <span class='ocrx_word' id='word_1_35' title='bbox 932 675 1113 714; x_wconf 88' lang='lat' dir='ltr'>prorsum</span> <span class='ocrx_word' id='word_1_36' title='bbox 1132 663 1283 714; x_wconf 84' lang='lat' dir='ltr'>porgit.</span> <span class='ocrx_word' id='word_1_37' title='bbox 1342 661 1401 701; x_wconf 90' lang='lat' dir='ltr'>Eo</span> <span class='ocrx_word' id='word_1_38' title='bbox 1430 662 1518 701; x_wconf 89' lang='lat' dir='ltr'>loco</span> <span class='ocrx_word' id='word_1_39' title='bbox 1545 673 1621 714; x_wconf 92' lang='lat' dir='ltr'>quo</span> 
     </span>
     <span class='ocr_line' id='line_1_8' title="bbox 234 729 1624 785; baseline 0 -17"><span class='ocrx_word' id='word_1_40' title='bbox 234 743 327 770; x_wconf 88' lang='lat' dir='ltr'>ossa</span> <span class='ocrx_word' id='word_1_41' title='bbox 354 731 676 772; x_wconf 83' lang='lat' dir='ltr'>intermaxillaria</span> <span class='ocrx_word' id='word_1_42' title='bbox 700 733 925 785; x_wconf 81' lang='lat' dir='ltr'>junguntur</span> <span class='ocrx_word' id='word_1_43' title='bbox 955 744 1129 771; x_wconf 86' lang='lat' dir='ltr'>crassum</span> <span class='ocrx_word' id='word_1_44' title='bbox 1161 730 1269 783; x_wconf 80' lang='lat' dir='ltr'>ejicit</span> <span class='ocrx_word' id='word_1_45' title='bbox 1296 730 1515 782; x_wconf 78' lang='lat' dir='ltr'>surculum,</span> <span class='ocrx_word' id='word_1_46' title='bbox 1558 729 1624 783; x_wconf 90' lang='lat' dir='ltr'>qui</span> 
     </span>
     <span class='ocr_line' id='line_1_9' title="bbox 234 797 1621 852; baseline 0 -15"><span class='ocrx_word' id='word_1_47' title='bbox 234 798 416 838; x_wconf 88' lang='lat' dir='ltr'>deorsum</span> <span class='ocrx_word' id='word_1_48' title='bbox 451 812 629 851; x_wconf 80' lang='lat' dir='ltr'>vergens</span> <span class='ocrx_word' id='word_1_49' title='bbox 660 801 697 840; x_wconf 91' lang='lat' dir='ltr'>in</span> <span class='ocrx_word' id='word_1_50' title='bbox 726 800 920 852; x_wconf 88' lang='lat' dir='ltr'>permulta</span> <span class='ocrx_word' id='word_1_51' title='bbox 953 800 1145 839; x_wconf 82' lang='lat' dir='ltr'>discissus</span> <span class='ocrx_word' id='word_1_52' title='bbox 1184 799 1249 839; x_wconf 86' lang='lat' dir='ltr'>fila</span> <span class='ocrx_word' id='word_1_53' title='bbox 1278 799 1538 852; x_wconf 79' lang='lat' dir='ltr'>progreditur</span> <span class='ocrx_word' id='word_1_54' title='bbox 1569 797 1621 837; x_wconf 86' lang='lat' dir='ltr'>ad</span> 
     </span>
     <span class='ocr_line' id='line_1_10' title="bbox 233 858 1622 922; baseline 0 -16"><span class='ocrx_word' id='word_1_55' title='bbox 233 870 448 908; x_wconf 74' lang='lat' dir='ltr'>extremam</span> <span class='ocrx_word' id='word_1_56' title='bbox 478 870 678 909; x_wconf 87' lang='lat' dir='ltr'>interioris</span> <span class='ocrx_word' id='word_1_57' title='bbox 707 871 828 910; x_wconf 90' lang='lat' dir='ltr'>rostri</span> <span class='ocrx_word' id='word_1_58' title='bbox 860 858 1083 921; x_wconf 83' lang='lat' dir='ltr'>superficiei</span> <span class='ocrx_word' id='word_1_59' title='bbox 1112 871 1265 920; x_wconf 88' lang='lat' dir='ltr'>partem</span> <span class='ocrx_word' id='word_1_60' title='bbox 1295 870 1414 922; x_wconf 89' lang='lat' dir='ltr'>atque</span> <span class='ocrx_word' id='word_1_61' title='bbox 1443 867 1494 907; x_wconf 86' lang='lat' dir='ltr'>ad</span> <span class='ocrx_word' id='word_1_62' title='bbox 1517 879 1622 906; x_wconf 88' lang='lat' dir='ltr'>mar—</span> 
     </span>
     <span class='ocr_line' id='line_1_11' title="bbox 232 936 1623 986; baseline 0.001 -12"><span class='ocrx_word' id='word_1_63' title='bbox 232 938 367 986; x_wconf 82' lang='lat' dir='ltr'>ginem</span> <span class='ocrx_word' id='word_1_64' title='bbox 400 938 535 977; x_wconf 87' lang='lat' dir='ltr'>rostri.</span> <span class='ocrx_word' id='word_1_65' title='bbox 608 937 712 980; x_wconf 77' lang='lat' dir='ltr'>Tum</span> <span class='ocrx_word' id='word_1_66' title='bbox 742 950 890 978; x_wconf 84' lang='lat' dir='ltr'>nervus</span> <span class='ocrx_word' id='word_1_67' title='bbox 921 938 1041 977; x_wconf 82' lang='lat' dir='ltr'>intrat</span> <span class='ocrx_word' id='word_1_68' title='bbox 1079 939 1119 977; x_wconf 94' lang='lat' dir='ltr'>in</span> <span class='ocrx_word' id='word_1_69' title='bbox 1150 937 1322 978; x_wconf 84' lang='lat' dir='ltr'>canalem</span> <span class='ocrx_word' id='word_1_70' title='bbox 1362 937 1467 976; x_wconf 90' lang='lat' dir='ltr'>ossis</span> <span class='ocrx_word' id='word_1_71' title='bbox 1497 936 1623 976; x_wconf 82' lang='lat' dir='ltr'>inter-</span> 
     </span>
     <span class='ocr_line' id='line_1_12' title="bbox 234 1004 1626 1058; baseline 0 -15"><span class='ocrx_word' id='word_1_72' title='bbox 234 1004 452 1045; x_wconf 86' lang='lat' dir='ltr'>maxillaris</span> <span class='ocrx_word' id='word_1_73' title='bbox 481 1006 519 1045; x_wconf 91' lang='lat' dir='ltr'>in</span> <span class='ocrx_word' id='word_1_74' title='bbox 551 1005 693 1045; x_wconf 90' lang='lat' dir='ltr'>nodum</span> <span class='ocrx_word' id='word_1_75' title='bbox 724 1004 830 1045; x_wconf 90' lang='lat' dir='ltr'>haud</span> <span class='ocrx_word' id='word_1_76' title='bbox 859 1006 1121 1058; x_wconf 85' lang='lat' dir='ltr'>spernendum</span> <span class='ocrx_word' id='word_1_77' title='bbox 1155 1007 1210 1046; x_wconf 88' lang='lat' dir='ltr'>ibi</span> <span class='ocrx_word' id='word_1_78' title='bbox 1239 1007 1523 1057; x_wconf 78' lang='lat' dir='ltr'>intumescens,</span> <span class='ocrx_word' id='word_1_79' title='bbox 1573 1015 1626 1043; x_wconf 85' lang='lat' dir='ltr'>ex</span> 
     </span>
     <span class='ocr_line' id='line_1_13' title="bbox 235 1074 1626 1128; baseline 0 -16"><span class='ocrx_word' id='word_1_80' title='bbox 235 1087 313 1125; x_wconf 88' lang='lat' dir='ltr'>quo</span> <span class='ocrx_word' id='word_1_81' title='bbox 343 1074 489 1114; x_wconf 88' lang='lat' dir='ltr'>surculi</span> <span class='ocrx_word' id='word_1_82' title='bbox 520 1076 761 1115; x_wconf 82' lang='lat' dir='ltr'>exteriorem</span> <span class='ocrx_word' id='word_1_83' title='bbox 798 1077 984 1128; x_wconf 88' lang='lat' dir='ltr'>petentes</span> <span class='ocrx_word' id='word_1_84' title='bbox 1011 1078 1164 1128; x_wconf 88' lang='lat' dir='ltr'>partem</span> <span class='ocrx_word' id='word_1_85' title='bbox 1195 1075 1418 1116; x_wconf 86' lang='lat' dir='ltr'>dilabuntur</span> <span class='ocrx_word' id='word_1_86' title='bbox 1447 1075 1548 1115; x_wconf 84' lang='lat' dir='ltr'>inter</span> <span class='ocrx_word' id='word_1_87' title='bbox 1580 1084 1626 1112; x_wconf 86' lang='lat' dir='ltr'>os</span> 
     </span>
     <span class='ocr_line' id='line_1_14' title="bbox 235 1145 774 1195; baseline 0.004 -13"><span class='ocrx_word' id='word_1_88' title='bbox 235 1146 274 1182; x_wconf 86' lang='lat' dir='ltr'>et</span> <span class='ocrx_word' id='word_1_89' title='bbox 305 1145 547 1195; x_wconf 80' lang='lat' dir='ltr'>tegmentum</span> <span class='ocrx_word' id='word_1_90' title='bbox 579 1156 774 1185; x_wconf 87' lang='lat' dir='ltr'>corneum.</span> 
     </span>
    </p>

    <p class='ocr_par' dir='ltr' id='par_1_5' title="bbox 232 1211 1629 1743">
     <span class='ocr_line' id='line_1_15' title="bbox 374 1211 1624 1267; baseline 0 -15"><span class='ocrx_word' id='word_1_91' title='bbox 374 1211 553 1253; x_wconf 85' lang='lat' dir='ltr'>Ramus</span> <span class='ocrx_word' id='word_1_92' title='bbox 590 1214 884 1255; x_wconf 82' lang='lat' dir='ltr'>maxillaris</span> <span class='ocrx_word' id='word_1_93' title='bbox 924 1215 1168 1267; x_wconf 84' lang='lat' dir='ltr'>superior</span> <span class='ocrx_word' id='word_1_94' title='bbox 1199 1215 1329 1255; x_wconf 87' lang='lat' dir='ltr'>cranio</span> <span class='ocrx_word' id='word_1_95' title='bbox 1361 1214 1500 1255; x_wconf 90' lang='lat' dir='ltr'>relicto</span> <span class='ocrx_word' id='word_1_96' title='bbox 1530 1226 1624 1254; x_wconf 86' lang='lat' dir='ltr'>mox</span> 
     </span>
     <span class='ocr_line' id='line_1_16' title="bbox 234 1279 1625 1336; baseline 0.002 -18"><span class='ocrx_word' id='word_1_97' title='bbox 234 1279 273 1318; x_wconf 85' lang='lat' dir='ltr'>in</span> <span class='ocrx_word' id='word_1_98' title='bbox 303 1279 404 1320; x_wconf 87' lang='lat' dir='ltr'>duos</span> <span class='ocrx_word' id='word_1_99' title='bbox 435 1281 624 1321; x_wconf 84' lang='lat' dir='ltr'>scinditur</span> <span class='ocrx_word' id='word_1_100' title='bbox 661 1283 842 1322; x_wconf 88' lang='lat' dir='ltr'>surculos</span> <span class='ocrx_word' id='word_1_101' title='bbox 875 1295 1038 1336; x_wconf 89' lang='lat' dir='ltr'>quorum</span> <span class='ocrx_word' id='word_1_102' title='bbox 1077 1283 1179 1323; x_wconf 87' lang='lat' dir='ltr'>alter</span> <span class='ocrx_word' id='word_1_103' title='bbox 1209 1296 1363 1323; x_wconf 88' lang='lat' dir='ltr'>sursum</span> <span class='ocrx_word' id='word_1_104' title='bbox 1401 1284 1450 1323; x_wconf 85' lang='lat' dir='ltr'>ad</span> <span class='ocrx_word' id='word_1_105' title='bbox 1479 1282 1625 1336; x_wconf 84' lang='lat' dir='ltr'>palpe-</span> 
     </span>
     <span class='ocr_line' id='line_1_17' title="bbox 235 1345 1627 1404; baseline 0.004 -18"><span class='ocrx_word' id='word_1_106' title='bbox 235 1345 344 1387; x_wconf 84' lang='lat' dir='ltr'>bram</span> <span class='ocrx_word' id='word_1_107' title='bbox 383 1351 627 1401; x_wconf 87' lang='lat' dir='ltr'>superiorem</span> <span class='ocrx_word' id='word_1_108' title='bbox 667 1351 872 1404; x_wconf 76' lang='lat' dir='ltr'>procedit3</span> <span class='ocrx_word' id='word_1_109' title='bbox 915 1352 1015 1391; x_wconf 85' lang='lat' dir='ltr'>alter</span> <span class='ocrx_word' id='word_1_110' title='bbox 1055 1352 1156 1391; x_wconf 88' lang='lat' dir='ltr'>infra</span> <span class='ocrx_word' id='word_1_111' title='bbox 1200 1352 1455 1404; x_wconf 86' lang='lat' dir='ltr'>periorbitam</span> <span class='ocrx_word' id='word_1_112' title='bbox 1494 1351 1627 1392; x_wconf 86' lang='lat' dir='ltr'>tenuia</span> 
     </span>
     <span class='ocr_line' id='line_1_18' title="bbox 235 1414 1626 1472; baseline 0.003 -17"><span class='ocrx_word' id='word_1_113' title='bbox 235 1414 300 1455; x_wconf 82' lang='lat' dir='ltr'>fila</span> <span class='ocrx_word' id='word_1_114' title='bbox 330 1418 379 1457; x_wconf 91' lang='lat' dir='ltr'>ad</span> <span class='ocrx_word' id='word_1_115' title='bbox 419 1419 649 1470; x_wconf 78' lang='lat' dir='ltr'>palpebram</span> <span class='ocrx_word' id='word_1_116' title='bbox 687 1421 911 1459; x_wconf 85' lang='lat' dir='ltr'>inferiorem</span> <span class='ocrx_word' id='word_1_117' title='bbox 950 1420 1150 1460; x_wconf 88' lang='lat' dir='ltr'>dimittens</span> <span class='ocrx_word' id='word_1_118' title='bbox 1187 1421 1370 1472; x_wconf 83' lang='lat' dir='ltr'>penetrat</span> <span class='ocrx_word' id='word_1_119' title='bbox 1411 1422 1449 1460; x_wconf 93' lang='lat' dir='ltr'>in</span> <span class='ocrx_word' id='word_1_120' title='bbox 1489 1432 1626 1459; x_wconf 87' lang='lat' dir='ltr'>cavum</span> 
     </span>
     <span class='ocr_line' id='line_1_19' title="bbox 236 1486 1629 1542; baseline 0.002 -17"><span class='ocrx_word' id='word_1_121' title='bbox 236 1487 322 1525; x_wconf 79' lang='lat' dir='ltr'>nasi</span> <span class='ocrx_word' id='word_1_122' title='bbox 363 1486 427 1525; x_wconf 83' lang='lat' dir='ltr'>ubi</span> <span class='ocrx_word' id='word_1_123' title='bbox 467 1488 505 1526; x_wconf 90' lang='lat' dir='ltr'>in</span> <span class='ocrx_word' id='word_1_124' title='bbox 537 1488 639 1527; x_wconf 89' lang='lat' dir='ltr'>duos</span> <span class='ocrx_word' id='word_1_125' title='bbox 667 1501 806 1527; x_wconf 83' lang='lat' dir='ltr'>rursus</span> <span class='ocrx_word' id='word_1_126' title='bbox 840 1489 1030 1528; x_wconf 87' lang='lat' dir='ltr'>dividitur</span> <span class='ocrx_word' id='word_1_127' title='bbox 1059 1489 1254 1540; x_wconf 81' lang='lat' dir='ltr'>ramulos,</span> <span class='ocrx_word' id='word_1_128' title='bbox 1298 1501 1319 1528; x_wconf 87' lang='lat' dir='ltr'>e</span> <span class='ocrx_word' id='word_1_129' title='bbox 1347 1489 1489 1542; x_wconf 89' lang='lat' dir='ltr'>quihus</span> <span class='ocrx_word' id='word_1_130' title='bbox 1517 1490 1629 1541; x_wconf 87' lang='lat' dir='ltr'>prior</span> 
     </span>
     <span class='ocr_line' id='line_1_20' title="bbox 237 1554 1629 1609; baseline 0.003 -16"><span class='ocrx_word' id='word_1_131' title='bbox 237 1556 342 1594; x_wconf 90' lang='lat' dir='ltr'>intus</span> <span class='ocrx_word' id='word_1_132' title='bbox 370 1554 451 1594; x_wconf 85' lang='lat' dir='ltr'>abit</span> <span class='ocrx_word' id='word_1_133' title='bbox 480 1555 530 1595; x_wconf 86' lang='lat' dir='ltr'>ad</span> <span class='ocrx_word' id='word_1_134' title='bbox 559 1558 822 1608; x_wconf 81' lang='lat' dir='ltr'>posteriorem</span> <span class='ocrx_word' id='word_1_135' title='bbox 852 1557 974 1608; x_wconf 86' lang='lat' dir='ltr'>palati</span> <span class='ocrx_word' id='word_1_136' title='bbox 1003 1560 1168 1609; x_wconf 76' lang='lat' dir='ltr'>partem,</span> <span class='ocrx_word' id='word_1_137' title='bbox 1200 1558 1301 1597; x_wconf 89' lang='lat' dir='ltr'>alter</span> <span class='ocrx_word' id='word_1_138' title='bbox 1331 1559 1458 1597; x_wconf 81' lang='lat' dir='ltr'>autem</span> <span class='ocrx_word' id='word_1_139' title='bbox 1489 1559 1629 1597; x_wconf 81' lang='lat' dir='ltr'>exter-</span> 
     </span>
     <span class='ocr_line' id='line_1_21' title="bbox 235 1626 1628 1678; baseline 0.003 -16"><span class='ocrx_word' id='word_1_140' title='bbox 235 1635 321 1663; x_wconf 92' lang='lat' dir='ltr'>nam</span> <span class='ocrx_word' id='word_1_141' title='bbox 349 1626 492 1676; x_wconf 85' lang='lat' dir='ltr'>petens</span> <span class='ocrx_word' id='word_1_142' title='bbox 512 1629 662 1678; x_wconf 88' lang='lat' dir='ltr'>partem</span> <span class='ocrx_word' id='word_1_143' title='bbox 683 1627 809 1666; x_wconf 89' lang='lat' dir='ltr'>tendit</span> <span class='ocrx_word' id='word_1_144' title='bbox 840 1627 889 1666; x_wconf 89' lang='lat' dir='ltr'>ad</span> <span class='ocrx_word' id='word_1_145' title='bbox 915 1628 1176 1678; x_wconf 84' lang='lat' dir='ltr'>posteriorem</span> <span class='ocrx_word' id='word_1_146' title='bbox 1197 1627 1414 1678; x_wconf 87' lang='lat' dir='ltr'>marginem</span> <span class='ocrx_word' id='word_1_147' title='bbox 1444 1626 1628 1666; x_wconf 85' lang='lat' dir='ltr'>maxillae</span> 
     </span>
     <span class='ocr_line' id='line_1_22' title="bbox 232 1694 471 1743; baseline 0.004 -13"><span class='ocrx_word' id='word_1_148' title='bbox 232 1694 471 1743; x_wconf 67' lang='lat' dir='ltr'>superioris.</span> 
     </span>
    </p>

    <p class='ocr_par' dir='ltr' id='par_1_6' title="bbox 236 1761 1631 2569">
     <span class='ocr_line' id='line_1_23' title="bbox 377 1761 1625 1821; baseline 0.002 -20"><span class='ocrx_word' id='word_1_149' title='bbox 377 1761 558 1802; x_wconf 83' lang='lat' dir='ltr'>Ramus</span> <span class='ocrx_word' id='word_1_150' title='bbox 615 1763 905 1803; x_wconf 84' lang='lat' dir='ltr'>maxillaris</span> <span class='ocrx_word' id='word_1_151' title='bbox 953 1763 1177 1803; x_wconf 85' lang='lat' dir='ltr'>inferior</span> <span class='ocrx_word' id='word_1_152' title='bbox 1228 1776 1372 1804; x_wconf 89' lang='lat' dir='ltr'>ramum</span> <span class='ocrx_word' id='word_1_153' title='bbox 1422 1765 1530 1816; x_wconf 83' lang='lat' dir='ltr'>ejicit</span> <span class='ocrx_word' id='word_1_154' title='bbox 1559 1763 1625 1821; x_wconf 31' lang='lat' dir='ltr'>fad</span> 
     </span>
     <span class='ocr_line' id='line_1_24' title="bbox 238 1829 1630 1887; baseline 0.004 -20"><span class='ocrx_word' id='word_1_155' title='bbox 238 1829 450 1869; x_wconf 84' lang='lat' dir='ltr'>musculum</span> <span class='ocrx_word' id='word_1_156' title='bbox 483 1832 736 1883; x_wconf 79' lang='lat' dir='ltr'>temporalem</span> <span class='ocrx_word' id='word_1_157' title='bbox 764 1832 957 1884; x_wconf 82' lang='lat' dir='ltr'>aliumque</span> <span class='ocrx_word' id='word_1_158' title='bbox 988 1833 1221 1871; x_wconf 87' lang='lat' dir='ltr'>crassiorem</span> <span class='ocrx_word' id='word_1_159' title='bbox 1254 1833 1304 1872; x_wconf 87' lang='lat' dir='ltr'>ad</span> <span class='ocrx_word' id='word_1_160' title='bbox 1333 1833 1531 1873; x_wconf 86' lang='lat' dir='ltr'>musculos</span> <span class='ocrx_word' id='word_1_161' title='bbox 1563 1834 1630 1887; x_wconf 87' lang='lat' dir='ltr'>qui</span> 
     </span>
     <span class='ocr_line' id='line_1_25' title="bbox 236 1898 1629 1953; baseline 0.003 -16"><span class='ocrx_word' id='word_1_162' title='bbox 236 1898 461 1938; x_wconf 85' lang='lat' dir='ltr'>inseruntur</span> <span class='ocrx_word' id='word_1_163' title='bbox 508 1901 590 1938; x_wconf 88' lang='lat' dir='ltr'>ossi</span> <span class='ocrx_word' id='word_1_164' title='bbox 632 1900 837 1953; x_wconf 87' lang='lat' dir='ltr'>quadrato.</span> <span class='ocrx_word' id='word_1_165' title='bbox 906 1900 1058 1939; x_wconf 81' lang='lat' dir='ltr'>Deinde</span> <span class='ocrx_word' id='word_1_166' title='bbox 1106 1913 1254 1940; x_wconf 83' lang='lat' dir='ltr'>nervus</span> <span class='ocrx_word' id='word_1_167' title='bbox 1299 1914 1443 1941; x_wconf 88' lang='lat' dir='ltr'>ramum</span> <span class='ocrx_word' id='word_1_168' title='bbox 1488 1903 1629 1942; x_wconf 86' lang='lat' dir='ltr'>emittit</span> 
     </span>
     <span class='ocr_line' id='line_1_26' title="bbox 238 1968 1628 2020; baseline 0.003 -14"><span class='ocrx_word' id='word_1_169' title='bbox 238 1968 305 2020; x_wconf 82' lang='lat' dir='ltr'>qui</span> <span class='ocrx_word' id='word_1_170' title='bbox 334 1970 443 2007; x_wconf 85' lang='lat' dir='ltr'>recta</span> <span class='ocrx_word' id='word_1_171' title='bbox 474 1969 540 2007; x_wconf 80' lang='lat' dir='ltr'>via</span> <span class='ocrx_word' id='word_1_172' title='bbox 563 1969 824 2020; x_wconf 76' lang='lat' dir='ltr'>proficiscitur</span> <span class='ocrx_word' id='word_1_173' title='bbox 855 1969 904 2008; x_wconf 88' lang='lat' dir='ltr'>ad</span> <span class='ocrx_word' id='word_1_174' title='bbox 929 1968 1114 2019; x_wconf 77' lang='lat' dir='ltr'>angulum</span> <span class='ocrx_word' id='word_1_175' title='bbox 1147 1971 1241 2008; x_wconf 87' lang='lat' dir='ltr'>oris.</span> <span class='ocrx_word' id='word_1_176' title='bbox 1301 1969 1450 2009; x_wconf 82' lang='lat' dir='ltr'>Postea</span> <span class='ocrx_word' id='word_1_177' title='bbox 1479 1981 1628 2010; x_wconf 87' lang='lat' dir='ltr'>nervus</span> 
     </span>
     <span class='ocr_line' id='line_1_27' title="bbox 238 2036 1631 2091; baseline 0.002 -16"><span class='ocrx_word' id='word_1_178' title='bbox 238 2036 445 2076; x_wconf 83' lang='lat' dir='ltr'>descendit</span> <span class='ocrx_word' id='word_1_179' title='bbox 465 2038 514 2076; x_wconf 85' lang='lat' dir='ltr'>ad</span> <span class='ocrx_word' id='word_1_180' title='bbox 534 2038 698 2077; x_wconf 84' lang='lat' dir='ltr'>interius</span> <span class='ocrx_word' id='word_1_181' title='bbox 728 2038 973 2077; x_wconf 77' lang='lat' dir='ltr'>mandibulae</span> <span class='ocrx_word' id='word_1_182' title='bbox 995 2038 1113 2089; x_wconf 75' lang='lat' dir='ltr'>latus,</span> <span class='ocrx_word' id='word_1_183' title='bbox 1144 2038 1276 2091; x_wconf 86' lang='lat' dir='ltr'>ibique</span> <span class='ocrx_word' id='word_1_184' title='bbox 1306 2051 1450 2077; x_wconf 87' lang='lat' dir='ltr'>ramum</span> <span class='ocrx_word' id='word_1_185' title='bbox 1473 2039 1631 2079; x_wconf 81' lang='lat' dir='ltr'>dimittit</span> 
     </span>
     <span class='ocr_line' id='line_1_28' title="bbox 239 2105 1628 2161; baseline 0.003 -18"><span class='ocrx_word' id='word_1_186' title='bbox 239 2106 304 2156; x_wconf 85' lang='lat' dir='ltr'>qui</span> <span class='ocrx_word' id='word_1_187' title='bbox 341 2105 499 2144; x_wconf 86' lang='lat' dir='ltr'>maxilla</span> <span class='ocrx_word' id='word_1_188' title='bbox 540 2107 724 2146; x_wconf 79' lang='lat' dir='ltr'>inferiore</span> <span class='ocrx_word' id='word_1_189' title='bbox 755 2108 958 2157; x_wconf 77' lang='lat' dir='ltr'>perforata</span> <span class='ocrx_word' id='word_1_190' title='bbox 990 2106 1206 2157; x_wconf 83' lang='lat' dir='ltr'>dissipatur</span> <span class='ocrx_word' id='word_1_191' title='bbox 1245 2108 1282 2146; x_wconf 90' lang='lat' dir='ltr'>in</span> <span class='ocrx_word' id='word_1_192' title='bbox 1316 2108 1463 2158; x_wconf 74' lang='lat' dir='ltr'>cutem,</span> <span class='ocrx_word' id='word_1_193' title='bbox 1510 2110 1628 2161; x_wconf 88' lang='lat' dir='ltr'>atque</span> 
     </span>
     <span class='ocr_line' id='line_1_29' title="bbox 239 2172 1628 2225; baseline 0.004 -15"><span class='ocrx_word' id='word_1_194' title='bbox 239 2172 354 2211; x_wconf 90' lang='lat' dir='ltr'>alium</span> <span class='ocrx_word' id='word_1_195' title='bbox 401 2174 449 2212; x_wconf 89' lang='lat' dir='ltr'>ad</span> <span class='ocrx_word' id='word_1_196' title='bbox 493 2177 617 2213; x_wconf 81' lang='lat' dir='ltr'>cutem</span> <span class='ocrx_word' id='word_1_197' title='bbox 657 2176 848 2225; x_wconf 82' lang='lat' dir='ltr'>gutturis.</span> <span class='ocrx_word' id='word_1_198' title='bbox 919 2174 1020 2213; x_wconf 76' lang='lat' dir='ltr'>Tuni</span> <span class='ocrx_word' id='word_1_199' title='bbox 1067 2187 1214 2214; x_wconf 86' lang='lat' dir='ltr'>nervus</span> <span class='ocrx_word' id='word_1_200' title='bbox 1254 2177 1292 2215; x_wconf 92' lang='lat' dir='ltr'>in</span> <span class='ocrx_word' id='word_1_201' title='bbox 1335 2176 1469 2216; x_wconf 87' lang='lat' dir='ltr'>canale</span> <span class='ocrx_word' id='word_1_202' title='bbox 1509 2188 1628 2216; x_wconf 86' lang='lat' dir='ltr'>osseo</span> 
     </span>
     <span class='ocr_line' id='line_1_30' title="bbox 239 2242 1628 2291; baseline 0.002 -11"><span class='ocrx_word' id='word_1_203' title='bbox 239 2252 419 2291; x_wconf 85' lang='lat' dir='ltr'>prorsum</span> <span class='ocrx_word' id='word_1_204' title='bbox 451 2243 577 2282; x_wconf 82' lang='lat' dir='ltr'>tendit</span> <span class='ocrx_word' id='word_1_205' title='bbox 613 2243 756 2281; x_wconf 87' lang='lat' dir='ltr'>multos</span> <span class='ocrx_word' id='word_1_206' title='bbox 790 2242 968 2281; x_wconf 82' lang='lat' dir='ltr'>surculos</span> <span class='ocrx_word' id='word_1_207' title='bbox 1009 2242 1249 2281; x_wconf 85' lang='lat' dir='ltr'>distribuens</span> <span class='ocrx_word' id='word_1_208' title='bbox 1291 2244 1340 2283; x_wconf 92' lang='lat' dir='ltr'>ad</span> <span class='ocrx_word' id='word_1_209' title='bbox 1371 2244 1628 2285; x_wconf 82' lang='lat' dir='ltr'>membranam</span> 
     </span>
     <span class='ocr_line' id='line_1_31' title="bbox 238 2300 1629 2363; baseline 0.004 -16"><span class='ocrx_word' id='word_1_210' title='bbox 238 2321 433 2349; x_wconf 88' lang='lat' dir='ltr'>mucosam</span> <span class='ocrx_word' id='word_1_211' title='bbox 464 2311 708 2350; x_wconf 77' lang='lat' dir='ltr'>mandibulae</span> <span class='ocrx_word' id='word_1_212' title='bbox 738 2311 856 2363; x_wconf 84' lang='lat' dir='ltr'>inque</span> <span class='ocrx_word' id='word_1_213' title='bbox 894 2311 982 2361; x_wconf 87' lang='lat' dir='ltr'>ejus</span> <span class='ocrx_word' id='word_1_214' title='bbox 1009 2300 1236 2361; x_wconf 76' lang='lat' dir='ltr'>marginem.</span> <span class='ocrx_word' id='word_1_215' title='bbox 1297 2310 1341 2350; x_wconf 91' lang='lat' dir='ltr'>In</span> <span class='ocrx_word' id='word_1_216' title='bbox 1371 2313 1483 2363; x_wconf 88' lang='lat' dir='ltr'>apice</span> <span class='ocrx_word' id='word_1_217' title='bbox 1515 2313 1629 2352; x_wconf 89' lang='lat' dir='ltr'>deni-</span> 
     </span>
     <span class='ocr_line' id='line_1_32' title="bbox 241 2379 1630 2431; baseline 0.003 -15"><span class='ocrx_word' id='word_1_218' title='bbox 241 2389 317 2429; x_wconf 84' lang='lat' dir='ltr'>que.</span> <span class='ocrx_word' id='word_1_219' title='bbox 356 2379 476 2418; x_wconf 89' lang='lat' dir='ltr'>rostri</span> <span class='ocrx_word' id='word_1_220' title='bbox 516 2380 554 2418; x_wconf 95' lang='lat' dir='ltr'>in</span> <span class='ocrx_word' id='word_1_221' title='bbox 585 2379 726 2418; x_wconf 89' lang='lat' dir='ltr'>nodum</span> <span class='ocrx_word' id='word_1_222' title='bbox 767 2380 939 2429; x_wconf 77' lang='lat' dir='ltr'>augetur</span> <span class='ocrx_word' id='word_1_223' title='bbox 977 2390 1028 2417; x_wconf 90' lang='lat' dir='ltr'>ex</span> <span class='ocrx_word' id='word_1_224' title='bbox 1060 2391 1136 2431; x_wconf 89' lang='lat' dir='ltr'>quo</span> <span class='ocrx_word' id='word_1_225' title='bbox 1181 2379 1290 2419; x_wconf 91' lang='lat' dir='ltr'>multi</span> <span class='ocrx_word' id='word_1_226' title='bbox 1319 2380 1454 2419; x_wconf 88' lang='lat' dir='ltr'>ramuli</span> <span class='ocrx_word' id='word_1_227' title='bbox 1486 2380 1630 2431; x_wconf 81' lang='lat' dir='ltr'>digre-</span> 
     </span>
     <span class='ocr_line' id='line_1_33' title="bbox 241 2444 1630 2499; baseline 0.005 -16"><span class='ocrx_word' id='word_1_228' title='bbox 241 2444 398 2484; x_wconf 85' lang='lat' dir='ltr'>diuntur</span> <span class='ocrx_word' id='word_1_229' title='bbox 446 2449 486 2486; x_wconf 87' lang='lat' dir='ltr'>et</span> <span class='ocrx_word' id='word_1_230' title='bbox 525 2447 575 2486; x_wconf 89' lang='lat' dir='ltr'>ad</span> <span class='ocrx_word' id='word_1_231' title='bbox 615 2448 839 2487; x_wconf 88' lang='lat' dir='ltr'>interiorem</span> <span class='ocrx_word' id='word_1_232' title='bbox 884 2448 1004 2486; x_wconf 87' lang='lat' dir='ltr'>rostri</span> <span class='ocrx_word' id='word_1_233' title='bbox 1052 2447 1296 2499; x_wconf 87' lang='lat' dir='ltr'>superficiem</span> <span class='ocrx_word' id='word_1_234' title='bbox 1345 2449 1386 2487; x_wconf 89' lang='lat' dir='ltr'>et</span> <span class='ocrx_word' id='word_1_235' title='bbox 1425 2450 1630 2490; x_wconf 85' lang='lat' dir='ltr'>externam</span> 
     </span>
     <span class='ocr_line' id='line_1_34' title="bbox 246 2516 1470 2569; baseline 0.004 -17"><span class='ocrx_word' id='word_1_236' title='bbox 246 2516 425 2562; x_wconf 77' lang='lat' dir='ltr'>petentes</span> <span class='ocrx_word' id='word_1_237' title='bbox 462 2520 607 2567; x_wconf 77' lang='lat' dir='ltr'>partem</span> <span class='ocrx_word' id='word_1_238' title='bbox 643 2519 742 2560; x_wconf 84' lang='lat' dir='ltr'>inter</span> <span class='ocrx_word' id='word_1_239' title='bbox 774 2530 821 2555; x_wconf 85' lang='lat' dir='ltr'>os</span> <span class='ocrx_word' id='word_1_240' title='bbox 855 2518 973 2569; x_wconf 85' lang='lat' dir='ltr'>atque</span> <span class='ocrx_word' id='word_1_241' title='bbox 1006 2518 1245 2567; x_wconf 82' lang='lat' dir='ltr'>tegmentum</span> <span class='ocrx_word' id='word_1_242' title='bbox 1278 2529 1470 2558; x_wconf 84' lang='lat' dir='ltr'>corneum.</span> 
     </span>
    </p>
   </div>
  </div>
 </body>
</html>
