1732 3014
746 288 812 333 19*

81 407 270 462 reliquum
309 411 373 448 est
420 408 630 448 secundum
676 407 949 460 oesophagum
991 410 1039 449 ad
1084 413 1221 462 pectus
1263 411 1461 452 deseendit

81 477 297 528 permultos
330 476 509 516 surculos
541 478 716 529 efficiens.

214 554 426 595 Nervus
456 555 828 608 hypoglossus
859 557 949 595 ante
981 557 1186 607 condylum
1220 558 1462 610 oecipItalem

79 624 163 663 exit
214 636 235 662 e
275 625 406 664 eranio
447 625 707 678 deorsumque
748 636 793 664 ae
842 626 992 675 partem
1042 627 1279 665 exteriorem
1321 631 1462 678 petens

78 704 242 731 nervum
272 705 421 742 vagum
450 705 670 746 venamque
682 693 911 745 jugularem
935 693 1252 744 transgreditur,
1282 706 1363 733 eum
1394 694 1461 733 illo

75 760 272 800 nonnullis
303 772 506 800 connexus
536 761 627 800 filis.
688 761 732 801 In
764 761 989 813 oesophagi
1020 761 1144 800 latere
1175 762 1211 800 in
1243 765 1324 801 tres
1355 764 1462 802 sein-

77 829 180 868 ditu'r
210 841 365 880 ramos,
398 842 560 883 quorum
590 830 754 869 inferior
785 829 991 868 deseendit
1020 830 1229 868 seeundum
1260 830 1462 882 oesopha-

75 909 169 947 gum
206 897 350 937 multos
391 910 541 949 parvos
585 898 748 949 ejiciens
789 898 991 949 sureulosg
1031 898 1181 936 medius
1220 911 1348 937 ramus
1386 912 1462 938 nou
1521 945 1529 954 ‚

75 967 208 1006 tantae
239 967 514 1006 crassitudinis
544 967 659 1005 etiam
691 968 908 1006 annectitur
948 967 998 1006 ad
1029 966 1316 1017 oesoplragum.
1377 966 1462 1006 Ra-

75 1047 158 1073 mus
190 1035 373 1086 superior
404 1047 584 1086 prorsum
624 1047 801 1085 vergens
834 1036 988 1074 tenuem
1020 1035 1215 1074 surculum
1245 1035 1384 1085 dirigit
1414 1036 1464 1075 ad

75 1103 289 1142 musculum
321 1102 763 1155 sterno—traelrealemg
802 1105 880 1143 tum
910 1104 949 1142 in
979 1103 1077 1143 duos
1101 1104 1291 1143 dividitur
1320 1117 1463 1154 ramos,

77 1183 238 1224 quorum
278 1171 440 1209 inferior
482 1172 602 1210 intrat
640 1173 679 1210 in
718 1171 930 1211 musculum
970 1172 1085 1211 modo
1127 1173 1290 1222 «lictum,
1332 1173 1464 1225 ibique

77 1239 390 1292 quadrangulum
421 1239 541 1279 efficit
570 1239 781 1291 nodulum,
814 1252 866 1279 ex
899 1253 973 1293 quo
997 1240 1240 1280 descendunt
1268 1243 1349 1280 tres
1371 1254 1463 1280 sur—-

77 1307 174 1358 culi,
217 1319 379 1360 quorum
418 1306 494 1346 duo
528 1308 565 1346 in
596 1308 770 1347 musculo
788 1310 1008 1358 remanent,
1039 1310 1179 1348 tertius
1211 1321 1306 1349 vero
1337 1321 1461 1360 egre-

77 1376 180 1415 ditur
237 1376 275 1414 in
332 1376 488 1414 tenuem
542 1376 752 1415 musculum
802 1376 1246 1416 surcula-traehealem.
1316 1377 1463 1422 Eamus

77 1444 260 1495 superior
288 1456 469 1494 prorsum
500 1455 679 1493 vergens
711 1447 1010 1485 eommunieatur
1041 1458 1123 1484 eum
1154 1447 1289 1484 nervis
1309 1446 1463 1485 duobus

78 1513 143 1565 qui
175 1523 226 1550 ex
257 1511 360 1550 nodo
392 1523 514 1562 supra
544 1513 841 1551 commemorato
873 1526 1026 1552 sursum
1057 1514 1234 1564 tendunt,
1267 1515 1462 1566 intratque

79 1581 117 1620 in
149 1580 324 1630 linguam
364 1581 403 1618 in
447 1592 523 1633 qua
563 1580 635 1619 suh
666 1593 773 1620 ramo
807 1580 972 1631 linguali
1007 1594 1028 1621 e
1057 1594 1181 1622 nervo
1212 1581 1461 1633 glossoplia-

78 1661 235 1700 ryngeo
266 1660 446 1699 prorsum
478 1649 676 1688 dilabitur.
736 1648 780 1688 In
814 1650 909 1688 'toto
950 1649 1026 1689 hoo
1055 1651 1194 1689 itincre
1224 1651 1366 1690 'multos
1397 1652 1460 1689 di-

79 1718 194 1756 mittit
225 1716 429 1767 surculos,
477 1729 639 1769 quorum
678 1719 926 1768 posteriores
966 1718 1128 1758 tendunt
1159 1718 1206 1758 ad
1237 1718 1461 1771 lmyngem,

78 1785 218 1838 reliqui
248 1784 297 1823 ad
326 1785 523 1825 musculos
553 1786 728 1836 linguae.

215 1865 420 1905 Nervus
451 1867 782 1916 trigeminus.
844 1864 1228 1916 Ganglionffiasseri
1260 1869 1319 1907 eui
1339 1868 1462 1908 forma

79 1933 233 1973 lunulae
271 1934 310 1972 in
351 1934 539 1985 peculiari
582 1935 701 1974 cranii
740 1935 850 1985 ⁸jacet
888 1935 1098 1975 cavernula
1138 1950 1162 1975 a
1202 1939 1322 1976 matre
1365 1936 1462 1976 dura

78 2015 198 2062 s‘upra
229 2002 375 2042 clausa.
435 2002 540 2042 Tres
571 2014 623 2041 ex
656 2014 703 2041 eo
735 2002 932 2053 prodeunt
964 2004 1080 2045 rami:

214 2082 395 2122 Ramus
438 2082 786 2135 ophtalmicus
831 2097 855 2137 a
892 2086 1005 2135 parte
1045 2084 1229 2124 inferiore
1263 2087 1304 2124 et
1343 2088 1461 2125 exte-

78 2151 183 2190 riore
223 2163 246 2190 a
285 2151 473 2191 foramine
516 2154 647 2203 optieo
687 2152 807 2192 intrat
846 2152 1033 2203 orbitam,
1078 2153 1167 2192 inde
1206 2165 1349 2192 ramum
1388 2154 1462 2193 de-

79 2218 240 2258 flectens
271 2219 321 2258 ad
362 2220 557 2271 ganglion
599 2221 754 2270 cinare,
796 2222 911 2273 inque
955 2221 1106 2260 orbitae
1144 2223 1257 2272 parte
1297 2222 1462 2262 interio-

78 2299 122 2326 re
161 2300 206 2327 ao
245 2290 451 2340 superiore
489 2289 562 2328 suh
604 2289 777 2329 musculo
820 2290 928 2329 recto
978 2292 1017 2328 et
1060 2289 1218 2343 obliquo
1257 2291 1463 2342 superiore

79 2369 257 2408 prorsum
304 2357 454 2397 labitur>
476 2356 531 2411 h).
620 2357 663 2397 In
714 2359 909 2398 anteriore
958 2358 1110 2398 orbitae
1159 2362 1271 2410 parte
1320 2372 1462 2399 ramum

75 2420 209 2476 ejicit,
265 2427 329 2478 qui
379 2427 581 2465 externam
629 2429 771 2478 petens
819 2429 970 2478 partem
1011 2414 1204 2466 surculum
1250 2427 1387 2477 dirigit
1427 2430 1462 2466 in

146 2559 190 2604 h)
220 2559 274 2595 Cl.
297 2561 533 2603 Schlemm
557 2561 597 2596 in
619 2561 692 2597 hoc
716 2562 874 2598 decursu
897 2574 1039 2597 ramum
1058 2562 1201 2598 invenit
1223 2564 1463 2599 retroceden-

218 2623 315 2660 tem,
355 2617 419 2666 qui
457 2630 574 2654 nervo
596 2619 761 2655 Vidiano
794 2621 1016 2667 respondet,
1052 2632 1158 2668 quem
1195 2631 1282 2656 vero
1314 2621 1351 2655 in
1382 2632 1465 2655 meo

219 2674 386 2711 invenire
417 2678 587 2723 exemplo
612 2676 705 2712 mihi
734 2678 960 2723 denegatum
990 2683 1052 2712 est.

1143 2751 1189 2768 ηρ
