1732 3014
818 282 881 326 32

151 399 291 441 tendit.
348 399 508 439 Nervus
542 399 644 441 alter
674 403 847 443 musculo
883 404 1166 458 mylohyoideo
1197 409 1356 465 obliquo
1388 413 1428 454 et
1459 425 1531 454 eo-

149 470 237 509 nico
270 470 375 508 ossis
405 468 568 520 hyoidei
608 483 736 510 ramos
778 472 950 523 largitus
996 474 1108 516 finem
1140 480 1256 520 mittit
1298 482 1452 521 tenuem
1482 482 1534 522 ad

150 539 310 578 dorsum
339 539 516 588 linguae.
575 540 736 581 Nervus
777 544 918 583 tertius
950 545 1106 586 subtilis
1137 549 1175 588 in
1205 562 1335 590 aurem
1365 552 1534 591 inferio-

147 620 229 648 rem
260 607 454 648 ascendit.

286 677 494 717 Nervus
533 677 901 730 hypoglossus
944 685 1117 736 receptis
1148 684 1252 726 haud
1284 688 1448 738 exiguis
1481 699 1534 727 ex

144 758 271 787 nervo
297 759 409 796 vago
431 746 521 800 filis,
552 749 602 788 ad
623 748 820 789 tracheam
840 763 884 790 se
907 754 1073 805 confert,
1105 755 1143 794 in
1165 769 1241 809 quo
1264 757 1351 797 loco
1372 758 1412 797 in
1433 757 1533 796 duos

146 816 337 855 scinditur
377 828 521 855 ramos.
589 817 710 858 Alter
748 821 959 860 secundum
996 823 1193 864 tracheam
1233 826 1405 866 decurrit
1434 838 1534 878 per-

145 885 267 925 multa
297 886 332 924 ei
363 885 540 926 tribuens
580 887 657 927 fila.
716 887 835 930 Alter
872 891 1007 942 priore
1039 894 1215 945 tenuior,
1255 895 1451 934 nonnullis
1483 895 1534 934 ad

144 954 356 1006 laryngem
397 954 473 995 filis
513 956 718 1009 demissis,
758 958 963 999 admodum
1003 961 1161 1002 subtilis
1199 963 1250 1002 ad
1290 963 1535 1015 superficiem

143 1022 308 1075 linguae
338 1024 562 1064 inferiorem
591 1027 864 1078 progreditur.

283 1094 489 1134 Nervus
546 1097 870 1147 trigeminus
929 1098 1049 1139 efficit
1107 1101 1305 1150 ganglion
1351 1099 1530 1154 Gasseri,

144 1163 251 1217 quod
280 1165 374 1214 post
405 1164 533 1215 ipsum
563 1166 738 1206 foramen
760 1168 930 1219 opticum
958 1167 1078 1208 habet
1108 1169 1247 1209 locum.
1309 1168 1414 1224 [Hoc
1433 1171 1533 1210 enim

145 1244 167 1272 e
199 1234 396 1272 contrario
435 1236 479 1273 ut
508 1235 666 1275 solitum
697 1238 759 1276 est
789 1250 865 1276 non
898 1238 1053 1291 utrique
1084 1240 1187 1290 parti
1227 1251 1424 1280 commune
1455 1241 1532 1292 est,

144 1302 218 1341 sed
249 1301 369 1341 multo
408 1304 542 1353 potius
572 1306 706 1355 parles
746 1318 889 1345 osseus
929 1307 1161 1358 interjectus
1202 1310 1265 1347 est
1297 1308 1401 1348 haud
1440 1309 1534 1348 exi-

143 1383 264 1429 guus,
298 1384 373 1424 quo
406 1371 649 1423 disjungitur
679 1373 727 1413 ab
761 1386 807 1413 eo
839 1375 1002 1415 alterius
1033 1374 1192 1431 partis]
1252 1377 1316 1416 Ex
1346 1377 1414 1417 illo
1434 1390 1534 1429 pro-

143 1442 403 1492 grediuntur:

282 1509 467 1549 Ramus
499 1509 883 1561 ophthalmicus
914 1511 1129 1563 paullulum
1160 1513 1199 1551 in
1218 1513 1370 1563 partem
1391 1514 1532 1552 exter-

142 1591 227 1619 nam
268 1579 460 1630 proclivis
498 1592 679 1630 prorsum
719 1582 844 1620 tendit
892 1583 929 1621 in
971 1581 1149 1620 orbitam.
1228 1581 1383 1621 Deinde
1425 1595 1530 1622 ramo

143 1648 315 1687 demisso
347 1648 397 1687 ad
427 1649 624 1698 ganglion
653 1650 786 1688 ciliare
818 1650 867 1688 ad
901 1651 1135 1689 anteriorem
1169 1651 1321 1690 orbitae
1340 1651 1530 1702 parietem

141 1717 404 1769 proficiscitur
434 1717 500 1756 uhi
531 1730 660 1757 ramus
693 1718 898 1758 descendit
937 1720 1001 1772 qui
1033 1719 1082 1758 ad
1114 1721 1318 1758 externam
1351 1731 1530 1769 vergens

140 1788 293 1838 partem
324 1786 361 1824 in
394 1786 492 1825 duos
530 1787 668 1826 iterum
712 1787 902 1826 scinditur
934 1787 1113 1827 surculos
1153 1800 1315 1840 quorum
1347 1788 1448 1827 alter
1479 1787 1530 1827 ad

140 1855 371 1907 palpebram
402 1856 645 1906 superiorem
676 1856 877 1906 ascendit,
910 1856 1011 1895 alter
1041 1857 1168 1895 autem
1198 1856 1299 1895 infra
1320 1869 1364 1895 os
1385 1856 1531 1896 maxil-

140 1924 224 1964 lare
256 1924 440 1975 superius
471 1937 652 1976 prorsum
677 1924 859 1976 procedit
893 1925 941 1964 ad
974 1928 1098 1965 cutem
1129 1918 1313 1964 maxillae
1345 1926 1532 1977 superio-

141 1994 211 2034 ris.
262 1993 362 2033 Tum
397 2006 495 2033 vero
526 2006 675 2033 nervus
706 1994 826 2032 intrat
857 1995 892 2032 in
924 2006 1060 2032 cavum
1099 1995 1209 2045 nasi,
1252 2007 1372 2045 supra
1405 1995 1534 2045 ipsum

140 2075 305 2103 nervum
338 2063 583 2103 oll'actorium
614 2063 910 2112 transgreditur
948 2063 997 2102 ad
1030 2064 1254 2102 interiorem
1297 2065 1336 2102 et
1365 2063 1560 2102 infe1·io-‘

142 2144 223 2172 rem
253 2134 419 2183 partem,
446 2134 564 2185 atque
595 2144 641 2171 eo
672 2132 759 2171 loco
792 2132 856 2170 ubi
890 2145 983 2171 ossa
1003 2131 1324 2172 intermaxillaria
1346 2131 1533 2182 jungun-

143 2202 207 2241 tur
240 2201 422 2240 deorsum
455 2201 613 2240 dimittit
648 2213 791 2240 ramum
834 2202 897 2252 qui
938 2202 975 2239 in
1015 2201 1213 2240 anteriore
1255 2200 1378 2251 palati
1418 2201 1533 2251 parte

143 2269 416 2322 dispergitur,
465 2270 716 2322 ultinmmque
757 2273 873 2308 tenue
913 2269 1014 2308 filum
1053 2268 1265 2307 introducit
1306 2269 1343 2307 in
1382 2269 1531 2319 apicem

143 2351 325 2378 corneum
356 2339 490 2377 rostri.
549 2338 757 2377 Postremo
790 2339 957 2390 denique
989 2349 1136 2376 nervus
1162 2337 1199 2375 in
1224 2348 1360 2375 cavum
1389 2337 1532 2387 ingre-

145 2407 248 2447 ditur
281 2421 326 2446 os
357 2406 665 2447 intermaxillare
695 2407 760 2446 ubi
792 2408 829 2446 in
860 2406 1003 2446 multos
1034 2405 1223 2444 scinditur
1254 2404 1433 2443 surculos
1466 2405 1531 2458 qui

144 2488 217 2528 per
248 2489 294 2515 os
325 2479 526 2516 externam
558 2478 740 2528 petentes
771 2477 922 2527 partem
966 2474 1188 2514 dilabuntur
1228 2473 1300 2512 sub
1345 2475 1532 2523 tegmen-

145 2547 225 2587 tum
257 2557 453 2585 corneum.

284 2612 466 2653 Ramus
497 2613 794 2653 maxillaris
834 2611 1078 2664 superior
1120 2621 1141 2649 e
1173 2609 1302 2648 cranio
1334 2621 1528 2659 egressus

146 2694 239 2722 mox
271 2694 415 2722 ramum
453 2695 634 2734 prorsum
676 2682 814 2731 dirigit
854 2681 903 2720 ad
934 2682 1059 2720 cutem
1091 2680 1187 2730 post
1218 2677 1367 2716 oculum
1399 2677 1526 2726 sitam,

1480 2742 1529 2783 ad
