1732 3014
760 247 925 319 334.-

92 367 140 407 ad
179 366 410 419 palpebram
450 367 695 417 superiorem
733 367 772 405 et
802 364 851 403 ad
883 377 1065 415 magnum
1107 368 1209 406 auris
1246 371 1481 419 operculum.

91 436 247 475 Deinde
276 434 496 488 periorhita
525 437 655 474 tectus
687 445 867 485 prorsum
898 434 1068 474 tendens
1100 439 1190 475 aute
1221 437 1373 477 oculum
1403 440 1482 491 ejiu

92 506 144 544 cit
186 516 350 544 nervum
389 502 657 556 palpebralem
707 502 945 541 inferiorem.
1017 502 1139 543 Paulo
1186 508 1279 555 post
1325 506 1482 548 dimittit

90 573 307 624 surculum,
349 573 414 625 qui
453 571 624 612 ramulos
664 569 839 610 deflectit
878 569 928 610 ad
970 573 1095 610 cutem
1134 584 1255 624 supra
1296 558 1501 626 angulum‘

90 642 172 681 oris
205 643 333 681 sitam.
394 641 495 681 Tum
525 653 675 680 nervus
715 640 820 679 intus
861 652 1040 690 vergens
1079 652 1221 680 ramum
1263 645 1404 685 emittit
1433 645 1482 685 ad

87 709 348 749 membranam
388 718 586 748 mucosam
624 707 762 760 palati.
822 707 1031 748 Postremo
1075 721 1174 748 vcro
1218 710 1255 749 in
1287 712 1387 753 duos
1418 714 1481 753 di-

87 777 280 819 strahitur
310 777 517 828 surculos,
549 789 711 830 quorum
737 774 838 816 alter
869 776 995 816 tendit
1024 776 1073 817 ad
1104 778 1362 819 membranam
1395 794 1481 821 mu-

88 859 220 887 cosam
261 846 471 887 anterioris
509 844 635 897 palati
672 844 821 896 partis,
865 844 967 884 alter
1009 845 1056 884 ad
1099 850 1304 887 externam
1338 861 1481 890 versus
1517 838 1547 877 *-

87 917 241 968 partem
283 916 323 955 in
359 914 482 955 multa
519 913 585 953 fila
637 912 854 963 diducitur,
904 924 1005 967 quae
1053 915 1181 955 onmia
1221 915 1406 959 labuntur
1444 921 1482 959 in

87 985 422 1025 membranaceum
451 983 574 1023 rostri
603 982 835 1032 marginem.

227 1064 414 1104 Ramus
454 1062 754 1106 maxillaris
790 1061 1019 1102 inferior
1059 1062 1191 1103 cranio
1222 1064 1360 1106 relicto
1392 1080 1483 1106 mox

87 1133 226 1173 eodem
258 1135 438 1185 tempore
469 1145 615 1172 ramum
648 1131 757 1184 ejicit
795 1130 847 1171 ad
875 1131 1090 1171 musculum
1128 1134 1383 1186 temporalem
1415 1149 1481 1176 ra-

85 1214 264 1255 mumque
286 1191 392 1241 intus
421 1202 672 1252 vergentem,
705 1199 770 1253 qui
800 1200 839 1239 in
871 1199 991 1240 multa
1019 1199 1139 1240 fissus
1171 1202 1234 1243 fila
1265 1205 1403 1256 pergit
1432 1206 1482 1245 ad

87 1269 288 1317 musculos
328 1269 465 1321 palati.
525 1269 650 1309 Paulo
689 1269 785 1320 post
815 1269 970 1307 tenuem
1011 1268 1169 1310 dimittit
1208 1284 1374 1324 ramum,
1417 1274 1482 1327 qui

86 1341 197 1378 recta
216 1339 282 1377 via
301 1350 484 1390 prorsum
513 1337 681 1381 tendens
705 1336 857 1376 accedit
889 1336 936 1375 ad
969 1339 1155 1388 angulum
1178 1342 1272 1379 oris.
1326 1340 1481 1382 Deinde

85 1418 235 1446 nervus
279 1405 455 1446 deflectit
487 1405 669 1445 deorsum
709 1405 760 1445 ad
798 1405 1033 1451 interiorem
1065 1408 1250 1448 maxillae
1281 1410 1479 1450 inferioris

86 1474 403 1528 partemihique
449 1473 549 1514 duos
580 1486 710 1513 ramos
753 1473 884 1525 ejicit,
927 1484 1089 1526 quorum
1129 1476 1229 1517 alter
1269 1479 1480 1519 secundum

87 1544 333 1595 superiorem
372 1542 620 1583 mandibulae
659 1542 875 1592 marginem
905 1554 1087 1593 prorsum
1126 1547 1263 1596 pergit
1301 1547 1481 1587 surculos
1511 1529 1514 1532 ἱ

88 1612 329 1652 distribuens
368 1612 407 1651 in
439 1614 578 1652 cutem.
638 1610 758 1650 Alter
788 1610 993 1663 perforata
1023 1614 1184 1654 maxilla
1213 1616 1400 1656 inferiore
1430 1616 1479 1657 ad

88 1683 214 1721 cutem
243 1674 421 1731 gutturis
461 1679 772 1731 transgreditur.
832 1678 1041 1722 Postremo
1084 1695 1232 1724 nervus
1274 1685 1310 1724 in
1344 1684 1479 1725 canale

88 1762 208 1789 osseo
239 1761 422 1801 prorsum
453 1748 619 1789 tendens
662 1748 700 1787 in
731 1748 905 1787 acumine
939 1752 1059 1791 rostri
1087 1751 1161 1797 {fila
1202 1752 1354 1793 innuen
1380 1754 1479 1793 inter

88 1831 134 1858 os
165 1819 206 1858 et
242 1818 484 1869 tegmentum
524 1827 705 1857 corneum
739 1815 884 1870 filoque
927 1819 1078 1869 exiguo
1120 1819 1250 1861 finitur
1293 1823 1328 1861 in
1359 1823 1478 1863 rostri

89 1887 202 1941 apice
236 1898 395 1927 corneo.
869 1894 873 1895 ⁷

244 2113 757 2172 osssnRvAno
832 2085 1330 2176 ΒυοΒΕοιΜΑ.

704 2234 841 2243 ---

539 2317 754 2370 Falco
812 2318 1035 2373 buteo.

220 2426 329 2467 Ner
342 2437 433 2465 vus
474 2438 643 2478 vagus
674 2427 712 2466 in
744 2426 879 2467 canale
908 2440 1026 2467 osseo
1059 2440 1129 2479 per
1165 2441 1276 2482 quem
1308 2424 1494 2471 descen?

92 2494 149 2535 dit
180 2506 201 2533 e
233 2495 362 2535 crauio
394 2494 606 2546 paullulum
637 2496 886 2541 intumescit,
925 2508 947 2535 e
981 2508 1055 2548 qua
1086 2497 1379 2539 intumescentia
1409 2512 1477 2539 ra-

91 2567 175 2603 mus
214 2563 263 2602 ad
293 2575 455 2610 nervum
486 2561 909 2616 glossopliaryngeum
940 2564 1086 2616 prodit.
1150 2565 1302 2607 Deinde
1334 2580 1477 2608 secun-

94 2632 180 2671 dum
213 2630 486 2685 oesopliagum
523 2631 739 2674 descendit.

1185 2717 1204 2747 3
