1732 3014
882 263 938 306 13

220 387 331 427 culos
362 384 543 425 maxillae
584 385 815 435 superioris.
874 382 1027 423 Deinde
1067 394 1212 423 nervus
1251 383 1453 424 admodum
1484 394 1598 422 cras-

217 469 301 495 sum
327 453 498 495 deflectit
528 465 669 492 ramum
700 454 764 506 qui
794 465 884 492 mox
908 453 1026 491 intrat
1055 452 1092 491 in
1122 464 1180 502 os,
1210 452 1247 490 in
1269 463 1345 504 11110
1376 452 1425 491 1111
1457 456 1598 491 exter—

216 536 300 564 nam
331 534 509 573 vergens
541 524 691 573 partem
722 523 759 560 111
791 521 891 560 duos
917 520 1073 559 finditur
1098 520 1314 571 'sm-culos,
1354 522 1419 573 qui
1453 533 1498 559 os
1528 532 1598 559 rc·-

216 592 391 645 linquunt
411 591 608 644 multaque
628 592 665 630 in
687 589 946 630 lila'distracti
964 589 1001 628 in
1028 589 1242 637 marginem
1270 589 1598 628 membranaceam

214 660 397 700 maxillae
433 659 651 711 superioris
683 658 918 697 dilabuntur.
978 655 1020 696 In
1054 656 1189 696 eadem
1218 658 1386 707 regione
1425 657 1598 696 nonnulli

213 728 381 768 subtiles
421 727 565 767 surculi
606 728 794 765 internam
824 728 1007 777 petentes
1036 726 1186 777 partem
1226 725 1370 764 abeunt
1398 726 1436 764 in
1475 736 1598 763 mem-

212 796 371 836 branam
402 796 539 849 palati.
599 795 806 834 Postremo
846 806 993 833 nervus
1023 796 1207 845 penetrat
1247 795 1284 833 in
1326 806 1371 832 os
1409 794 1598 833 interma-

212 865 380 917 xillare,
426 878 503 919 quo
534 867 661 904 tamen
700 876 789 903 mox
821 864 957 902 iterum
989 862 1126 902 relicto
1156 863 1194 902 in
1227 862 1370 903 multos
1409 861 1600 901 scinditur

212 934 411 985 surculos,
455 934 519 987 qui
559 934 769 983 aufugiunt
799 933 835 971 in
876 932 1131 972 membranam
1172 932 1317 984 palati,
1357 941 1598 985 quorumque

212 1003 384 1042 nonnulli
415 1002 559 1042 abeunt
589 1002 626 1041 in
658 1000 875 1040 denticulos
906 1002 1139 1041 anteriores.

352 1070 536 1111 Ramus
566 1069 858 1110 maxillaris
891 1070 1111 1109 inferior
1144 1081 1218 1108 una
1246 1080 1329 1107 cum
1357 1079 1483 1107 nervo
1511 1078 1598 1106 ma-

211 1138 342 1178 xillari
372 1140 577 1191 superiore
607 1149 678 1190 per
709 1138 870 1177 eandem
903 1140 1124 1189 aperturam
1158 1136 1364 1188 egreditur
1396 1147 1418 1175 e
1450 1137 1596 1185 cranio,

211 1219 288 1260 quo
319 1207 457 1247 relicto
490 1208 621 1247 statim
661 1206 845 1246 ramulum
878 1207 986 1258 ejicit
1015 1207 1064 1246 ad
1095 1205 1306 1245 musculum
1338 1203 1598 1244 orbito-ma-

210 1275 402 1315 xillarem.
476 1275 630 1315 Deinde
670 1277 771 1315 inter
808 1274 1018 1313 musculum
1058 1273 1313 1326 temporalem
1353 1277 1393 1312 et
1433 1273 1598 1313 orbito-

210 1344 450 1384 maxillarem
494 1356 673 1396 prorsum
713 1354 892 1393 vergens
935 1355 1077 1382 ramum
1119 1343 1260 1383 emittit
1298 1342 1347 1382 ad
1386 1341 1599 1382 musculum

209 1413 462 1465 temporalem
501 1413 693 1466 aliumque
734 1412 799 1466 qui
839 1411 1085 1464 amplectitur
1124 1425 1170 1452 os
1203 1412 1431 1466 quadratum
1472 1411 1600 1450 0111111-

210 1481 362 1535 busque
401 1482 542 1521 vicinis
574 1480 757 1520 musculis
798 1491 832 1519 e.
865 1493 909 1529 gu
943 1480 1117 1520 musculo
1149 1479 1599 1534 quadrato—maxillari,

210 1550 506 1602 pterygoidco,
540 1548 909 1602 orbito—quadrato
942 1551 1015 1589 etc.
1049 1550 1229 1590 surculos
1259 1550 1438 1601 praebet.
1490 1548 1599 1588 Ner-

210 1631 286 1659 vus
328 1619 469 1671 deinde
509 1618 691 1657 deorsum
732 1617 946 1657 deflectens
986 1619 1170 1658 ramulum
1203 1619 1360 1658 dimittit
1392 1618 1457 1671 qui
1487 1629 1600 1657 mus-

210 1687 456 1728 culo‘orhito
489 1686 680 1727 maxillari
712 1686 917 1737 perforato
949 1686 996 1726 ad
1026 1688 1211 1737 angulum
1243 1688 1324 1726 oris
1355 1698 1400 1726 se
1431 1687 1599 1726 confert.

208 1754 358 1797 Postea
395 1767 545 1796 nervus
585 1767 630 1794 se
669 1754 843 1806 applicat
883 1754 931 1794 ad
974 1756 1137 1795 interius
1175 1756 1358 1795 maxillae
1400 1755 1600 1795 inferioris

208 1823 312 1864 latus
353 1824 485 1878 ibique
516 1824 706 1864 dividitur
746 1824 781 1862 in
813 1826 896 1863 tres
926 1836 1078 1875 ramoS,
1124 1838 1284 1877 quorum
1317 1825 1462 1876 primus
1500 1836 1599 1876 per-

209 1893 314 1933 forat
354 1894 550 1934 maxillam
595 1892 817 1932 inferiorem
863 1896 980 1945 atque
1023 1895 1059 1933 in
1106 1895 1307 1933 exteriore
1352 1894 1439 1945 ejus
1484 1895 1600 1944 parte

209 1962 388 2002 surculos
427 1962 543 2001 mittit
584 1961 630 2001 ad
674 1963 797 1999 cutem
844 1963 884 2000 et
914 1962 1099 2013 imprimis
1140 1963 1189 2002 ad
1230 1963 1487 2001 membranam
1528 1972 1600 2003 ce-

209 2042 326 2070 ream.
387 2030 593 2071 Secundus
629 2041 757 2069 ramus
798 2029 993 2070 maxillam
1034 2031 1254 2071 inferiorem
1288 2032 1467 2071 deorsum
1498 2043 1598 2071 ver·-

208 2111 312 2150 gens
342 2100 542 2151 perforat,
585 2110 659 2152 quo
703 2097 807 2137 facto
848 2098 1015 2138 ramulos
1047 2100 1229 2151 producit
1258 2101 1295 2140 111
1333 2103 1457 2140 cutem
1496 2099 1598 2150 gut-

207 2168 320 2207 turis.
381 2168 525 2208 Ramus
570 2168 710 2207 tertius
750 2179 869 2219 supra
915 2168 1029 2207 dictis
1076 2169 1247 2208 crassior
1290 2170 1407 2209 intrat
1451 2170 1489 2208 in
1535 2181 1595 2218 os,

207 2235 391 2276 nonnulla
437 2237 567 2276 tenuia
618 2235 681 2275 sila
726 2235 926 2276 distribuit
972 2238 1009 2276 in
1053 2239 1299 2289 posteriores
1348 2237 1596 2278 mandibulae

209 2304 450 2356 denticulos,
504 2304 644 2344 deinde
686 2316 829 2344 ramum
871 2305 1000 2357 ejicit,
1051 2307 1115 2359 qui
1158 2307 1338 2347 surculos
1377 2306 1516 2356 dirigit
1556 2305 1595 2345 in

207 2373 383 2426 reliijuos
415 2374 632 2413 denticulos
664 2375 780 2427 inque
808 2374 1064 2414 membranam
1093 2388 1288 2415 mucosam
1317 2375 1500 2415 maxillae
1529 2375 1594 2414 in-

207 2442 379 2482 ferioris.
436 2443 644 2482 Postremo
675 2454 823 2482 nervus
856 2444 892 2482 in
925 2444 1059 2483 canale
1095 2456 1213 2483 osseo
1244 2456 1424 2495 prorsum
1456 2443 1593 2492 vergit

207 2510 378 2550 ramulos
418 2511 466 2550 ad
499 2511 755 2551 membranam
787 2523 936 2552 ceream
968 2512 1165 2552 dimittens
1207 2513 1325 2565 atque
1355 2524 1481 2564 prope
1515 2524 1592 2551 un-

207 2590 326 2628 guem
356 2580 392 2619 in
422 2579 615 2631 permulta
647 2580 835 2620 dividitur
864 2580 952 2632 fila,
985 2593 1145 2633 quorum
1175 2581 1357 2621 nonnulla
1389 2580 1436 2620 ad
1468 2592 1590 2619 mem-

208 2645 363 2687 branam
393 2661 585 2689 mucosam
617 2649 698 2689 oris
729 2648 873 2689 abeunt
905 2650 1054 2703 reliqua
1088 2661 1186 2689 vero
1217 2644 1323 2690 ‘inter
1362 2662 1407 2688 os
1444 2653 1482 2688 et
1515 2661 1589 2689 un-
