1732 3014
888 178 948 219 24

217 285 331 335 atque
363 287 573 326 musculum
604 291 751 330 rectum
782 296 820 334 et
852 296 1048 351 obliquum
1084 306 1328 356 superiorem
1357 323 1600 373 nervumque

213 350 470 392 trochlearem
523 356 572 395 ad
621 360 853 402 anteriorem
905 367 1056 409 orbitae
1104 376 1295 424 parietem
1345 381 1409 422 ubi
1457 399 1600 429 surcu-

212 418 288 458 lum
325 422 465 462 emittit
503 425 552 463 ad
590 428 740 478 partem
781 436 1018 476 exteriorem
1060 442 1124 493 qui
1162 456 1290 498 prope
1330 451 1431 492 oculi
1465 467 1599 507 angu-

209 487 286 527 lum
327 493 561 533 anteriorem
602 498 792 540 scinditur
831 503 869 542 in
909 518 1053 547 ramum
1093 512 1361 565 palpebralem
1409 526 1598 575 superio-

206 569 288 596 rem
334 562 453 613 atque
507 576 650 605 ramum
699 569 894 624 nasalem,
950 577 1014 628 qui
1054 579 1154 621 infra
1195 596 1240 623 os
1278 589 1484 631 maxillare
1523 606 1596 634 su-

203 627 340 676 perius
379 631 507 671 tendit
550 634 599 673 ad
644 638 769 676 cutem
813 642 907 691 post
953 647 1084 686 nares.
1144 649 1267 694 Paulo
1309 660 1404 709 post
1444 674 1596 704 nervus

204 694 311 744 ejicit
348 709 492 738 ramum
532 714 714 753 prorsum
753 708 793 746 et
833 709 882 748 ad
924 714 1127 756 externam
1166 723 1319 772 partem
1358 733 1596 781 vergentem

199 763 239 802 in
268 765 393 805 cutem
413 768 531 821 inque
561 784 760 825 squamam
791 788 867 830 qua
897 781 1051 830 tegitur
1079 789 1200 829 naris.
1259 792 1416 838 Deinde
1444 812 1594 842 nervus

196 831 237 871 in
268 844 367 873 cavo
400 839 487 877 nasi
517 851 699 890 prorsum
740 844 1003 902 deorsumque
1043 866 1224 906 vergens
1265 865 1356 904 ante
1394 866 1520 908 locum
1552 871 1592 911 in

195 912 274 953 quo
304 914 399 943 ossa
427 906 751 958 intermaxillaria
773 914 1000 966 junguntur
1027 921 1067 962 in
1094 924 1194 966 duos
1225 929 1416 975 dividitur
1444 949 1589 991 ramoS‚

194 980 357 1021 quorum
384 973 548 1015 inferior
578 978 617 1017 in
646 981 868 1024 membrana
897 987 1043 1042 palati,
1089 996 1233 1038 emisso
1266 1003 1423 1044 surculo
1454 1009 1589 1048 retro-

192 1038 380 1092 cedente,
423 1043 462 1082 in
492 1047 706 1088 extremam
737 1053 862 1103 apicis
892 1058 1014 1097 rostri
1050 1065 1202 1112 partem
1231 1068 1442 1120 ingeritur.
1503 1075 1587 1116 Su-

188 1107 324 1158 perior
364 1122 463 1151 vero
504 1117 688 1165 penetrat
725 1119 764 1159 in
806 1133 852 1161 os
892 1124 1202 1174 intermaxillare
1241 1140 1281 1179 et
1327 1141 1366 1181 in
1406 1145 1586 1186 extrema

190 1176 278 1228 ejus
307 1181 423 1229 parte
453 1182 492 1221 in
522 1184 642 1225 multa
673 1187 905 1231 distrahitur
934 1193 1018 1249 fila,
1065 1213 1166 1254 quae
1195 1218 1269 1258 per
1299 1209 1490 1254 foramina
1518 1214 1583 1255 la·

186 1242 331 1285 buntur
362 1248 435 1287 sub
466 1252 710 1301 tegmentum
741 1270 938 1301 corneum.

324 1314 506 1357 Ramus
549 1325 846 1368 maxillaris
885 1335 1153 1390 superior,
1193 1354 1343 1385 nervus
1373 1348 1580 1392 admodum

184 1381 327 1435 tenuis,
360 1398 504 1426 ramum
537 1391 645 1441 ejicit
673 1396 876 1436 externam
903 1403 1101 1451 petentem
1121 1411 1272 1458 partem
1293 1415 1341 1454 ad
1361 1418 1578 1470 palpebras

182 1451 301 1504 atque
332 1456 458 1494 cutem
488 1460 584 1509 post
622 1462 788 1503 oculum.
849 1467 1007 1510 Deinde
1036 1474 1137 1515 infra
1169 1481 1425 1530 periorbstam
1454 1501 1576 1540 pror-

180 1531 266 1559 sum
296 1522 423 1563 tendit
453 1525 503 1565 ad
533 1539 672 1569 cavum
700 1535 786 1572 nasi
816 1535 882 1575 ubi
914 1539 952 1578 in
984 1540 1083 1581 duos
1107 1543 1264 1588 finditur
1294 1564 1437 1608 ramos,
1469 1570 1574 1611 quo-

178 1599 260 1627 rum
293 1591 392 1631 alter
424 1593 598 1637 deflectit
629 1600 680 1639 ad
713 1603 899 1653 angulum
931 1609 1034 1660 oris,
1085 1613 1186 1654 alter
1223 1620 1351 1660 autem
1388 1623 1572 1668 deorsum

177 1658 279 1706 petit
307 1663 569 1711 posteriorem
599 1670 751 1718 partem
784 1674 1030 1717 membranae
1060 1692 1242 1725 mucosae
1272 1689 1410 1739 palati.

326 1727 509 1771 Ramus
569 1738 868 1781 maxillaris
928 1745 1181 1804 inferior,
1239 1757 1361 1799 multo
1418 1764 1567 1815 majore

173 1795 379 1844 praeditus
411 1803 694 1857 crassitudine,
736 1807 838 1848 haud
878 1812 932 1851 ita
964 1825 1137 1858 crassum
1174 1833 1318 1865 ramum
1348 1828 1486 1881 dirigit
1515 1835 1566 1875 ad

128 1849 131 1851 ⁵
172 1865 385 1906 musculum
418 1871 692 1926 temporalem,
733 1877 805 1916 sed
834 1882 1067 1924 crassiorem
1108 1888 1157 1928 ad
1189 1896 1386 1936 musculos
1426 1901 1562 1952 palati.

171 1931 326 1975 Deinde
356 1950 504 1979 nervus
545 1942 727 1985 deorsum
769 1951 951 1999 procedit
981 1954 1032 1994 ad
1064 1969 1109 1996 os
1149 1963 1353 2006 maxillare
1382 1969 1560 2013 inferius.

169 1999 230 2040 lbi
260 2016 404 2045 ramum
436 2009 563 2061 ejicit,
606 2014 670 2065 qui
708 2015 746 2055 in
786 2022 993 2070 superiore
1033 2027 1138 2066 ossis
1169 2034 1348 2082 margine
1377 2050 1558 2089 prorsum

169 2071 296 2111 tendit
328 2077 587 2131 surculosque
619 2095 714 2122 suos
746 2087 863 2126 mittit
894 2090 943 2129 ad
974 2095 1099 2134 cutem
1128 2100 1312 2141 maxillae
1341 2105 1555 2150 inferioris.

166 2137 316 2180 Eodem
355 2146 532 2197 tempore
571 2149 653 2190 abit
690 2165 843 2207 ramus,
885 2161 950 2211 qni
984 2174 1076 2202 mox
1123 2166 1161 2204 in
1199 2169 1342 2211 multos
1374 2177 1554 2218 surculos

167 2206 380 2250 distractus
420 2214 683 2265 proficiscitur
720 2222 769 2262 ad
800 2228 924 2267 cutem
955 2233 1145 2279 gutturis.
1203 2236 1411 2282 Postremo
1456 2258 1552 2286 ner-

166 2286 242 2315 vus
294 2279 333 2318 in
363 2283 460 2321 stria
499 2296 617 2325 ossea
655 2301 757 2342 quae
804 2306 897 2333 mox
934 2298 973 2337 in
1006 2301 1177 2342 canalem
1207 2305 1400 2349 clauditur
1428 2324 1550 2364 pror-

164 2356 247 2384 sum
284 2350 422 2400 pergit
455 2352 659 2395 admodum
702 2370 863 2401 crassus
914 2365 963 2405 ad
1013 2370 1162 2420 apicem
1198 2376 1341 2428 rostri,
1391 2382 1547 2423 emissis

164 2414 263 2454 inter
294 2418 394 2458 viam
416 2419 492 2461 filis
524 2424 573 2463 ad
596 2426 852 2470 membranam
873 2446 1068 2476 mucosam
1098 2442 1362 2498 mandibulae,
1395 2460 1441 2488 ac
1469 2451 1544 2491 de-

162 2495 259 2521 mum
296 2487 332 2525 In
384 2491 560 2530 extrema
608 2498 722 2544 parte
764 2497 894 2539 finitur
935 2503 1124 2547 fasciculo
1156 2511 1325 2552 tenuium
1376 2515 1540 2572 filorum,

160 2562 258 2601 quar
290 2567 359 2603 per
391 2558 575 2599 foramina
608 2564 750 2604 intrant
789 2568 861 2607 sub
894 2572 1133 2621 tegmentum
1166 2590 1345 2622 corneum
1376 2587 1510 2627 rostri.
