1732 3014
599 746 1298 802 COROLhARIA.

405 979 524 1019 Nervi
567 982 764 1031 trigemini
804 982 906 1033 apud
938 993 1059 1032 aveS‚
1099 980 1250 1020 ratione
1283 978 1416 1018 habita
1455 977 1638 1029 duplicis,

266 1058 365 1096 qnae
397 1048 572 1088 sensibili
616 1050 702 1101 ejus
733 1050 837 1102 apud
868 1050 1043 1090 homines
1082 1050 1121 1088 et
1150 1047 1363 1099 mamuralia
1400 1046 1548 1086 tributa
1579 1046 1642 1085 est

265 1116 395 1167 parti,
428 1119 555 1156 tactus
587 1118 738 1158 scilicet
768 1121 886 1172 atque
916 1120 1061 1169 gustus
1092 1117 1324 1168 functionis,
1357 1128 1469 1169 quam
1499 1115 1642 1166 poste-

265 1182 428 1234 riorem,
470 1187 655 1237 imprimis
686 1200 708 1226 a
739 1200 843 1227 ramo
875 1187 1041 1238 ling-nali
1067 1198 1139 1226 nee
1167 1199 1244 1226 non
1273 1198 1296 1224 a
1325 1184 1491 1237 surculis
1520 1183 1642 1235 palati

266 1253 430 1303 accipit,
479 1256 521 1294 si·
552 1255 886 1295 consideravimus
927 1255 1220 1307 extensionem,
1272 1254 1387 1293 facile
1430 1253 1641 1303 invenitur,
1673 1254 1676 1257 ’

266 1330 350 1357 eum
390 1325 615 1370 gustatoria
655 1336 701 1363 eo
742 1325 871 1374 magis
911 1334 1045 1362 carere
1084 1324 1308 1374 potestate,
1347 1335 1424 1375 quo
1464 1321 1643 1361 sensoria

267 1386 354 1436 ejus
384 1390 431 1428 ad
464 1392 587 1442 majus
619 1392 759 1431 elatum
791 1393 843 1431 sit
873 1392 1114 1430 momentum.
1173 1390 1241 1430 Ad
1262 1390 1498 1441 gustandum
1530 1389 1642 1439 enim,

269 1457 307 1493 ut
340 1454 373 1496 O
384 1457 409 1496 1.
442 1458 630 1499 Mulier
662 1460 776 1499 docet
791 1459 845 1514 ³),
877 1461 1033 1511 praeter
1062 1471 1224 1499 nervum
1255 1459 1489 1510 specificam,
1523 1457 1642 1508 hujus

267 1524 391 1574 ipsius
419 1528 531 1565 nervi
563 1528 727 1567 irritatio
755 1540 827 1579 per
857 1529 1054 1567 materiam
1074 1528 1335 1579 gustabssem,
1367 1530 1485 1579 atque
1515 1527 1641 1565 mate-

267 1592 347 1630 riae
368 1592 482 1645 hujus
508 1607 578 1646 per
600 1594 782 1635 humores
815 1597 955 1646 organi
980 1598 1124 1646 gustus
1155 1596 1300 1635 solutio
1330 1596 1477 1634 suntin
1497 1595 1642 1646 postu—

266 1658 369 1698 latis·
431 1661 473 1700 ld
507 1664 539 1702 si
571 1665 684 1703 etiam
725 1665 1092 1715 praetermittimus,
1133 1665 1237 1717 quod
1268 1665 1396 1704 avium
1428 1663 1642 1714 glandulae

265 1728 455 1768 salivales
486 1743 647 1781 parvam
671 1731 816 1771 liabent
843 1732 1072 1784 plerumque
1102 1734 1393 1783 extensionem,
1422 1733 1525 1771 unde
1555 1732 1643 1770 for-

267 1798 376 1834 tasse
411 1799 552 1850 colligi
592 1802 723 1852 possit
762 1813 924 1852 parvam
965 1802 1116 1840 salivae
1158 1804 1308 1841 secerni
1347 1792 1640 1851 multitudinem,

269 1867 360 1904 rann
392 1869 540 1918 tamen,
580 1882 680 1921 qums
710 1871 942 1919 trigeminus
972 1882 1118 1909 nervus
1150 1870 1306 1909 dimittit
1336 1869 1384 1908 ad
1416 1882 1485 1908 eos
1515 1869 1640 1918 locos,

270 1934 331 1972 uhi
370 1938 505 1986 partes
544 1937 769 1985 gustabiles
811 1939 848 1976 in
888 1938 1015 1976 saliva
1063 1938 1217 1977 solutae
1261 1939 1307 1977 in
1342 1950 1412 1978 eos
1452 1948 1641 1977 exercere

268 2004 425 2054 possint
461 2004 626 2056 aliquam
671 2007 770 2054 vim,
818 2000 1058 2058 plerumque
1086 2008 1176 2046 sunt
1216 2007 1418 2058 perpauci.
1493 2005 1639 2044 Ramus

268 2071 366 2109 enim
396 2071 582 2121 linguans
614 2085 726 2124 quum
759 2073 1027 2124 desideretur,
1067 2075 1178 2113 nervi
1211 2075 1424 2123 gustatorii
1455 2086 1476 2113 e
1507 2075 1639 2123 trige-

268 2139 368 2177 mino
407 2151 530 2178 nervo
571 2142 728 2190 egressi
759 2143 903 2180 tantum
942 2144 1093 2181 restant
1124 2141 1178 2180 illi
1208 2142 1329 2192 palati
1368 2142 1526 2192 ramuli,
1574 2141 1640 2193 qui

268 2218 290 2243 e
321 2219 425 2246 ramo
456 2207 717 2258 oplrthalniico
747 2211 863 2262 atque
896 2222 916 2247 e
948 2221 1051 2248 ramo
1084 2209 1275 2248 maxillari
1307 2210 1511 2260 superiore
1540 2221 1639 2260 pro-

270 2274 424 2314 cedunt.
485 2277 557 2329 Qui
592 2280 729 2315 tamen-
756 2279 954 2316 rarissime
987 2278 1246 2327 gustatoriam
1277 2289 1465 2329 usurpare
1496 2277 1638 2316 viden-

271 2345 332 2381 tur
376 2343 634 2395 functionem,
685 2345 1055 2398 quum-membrana
1095 2344 1216 2396 palati
1255 2345 1456 2385 multarum
1496 2345 1637 2395 avium,

271 2412 447 2462 quamvis
489 2412 678 2451 interdum
720 2425 741 2452 e
771 2425 895 2452 nervo
926 2414 1136 2462 trigemino
1166 2412 1270 2452 haud
1309 2412 1530 2464 spernenda
1561 2424 1639 2450 ex—

272 2479 391 2528 cipiat
419 2478 496 2530 fila,
528 2481 580 2519 uti
612 2481 713 2531 apud
746 2483 910 2531 anatem,
942 2484 1111 2520 attamen
1140 2482 1216 2519 tam
1239 2480 1335 2519 dura
1363 2482 1518 2533 tamque
1548 2491 1638 2519 car-

271 2544 483 2593 tilaginosa
513 2548 586 2597 sit,
627 2551 668 2587 nt
699 2560 719 2587 a
752 2549 836 2587 veri
867 2549 1115 2588 similitudine
1144 2547 1376 2600 abhorreat,
1417 2560 1500 2587 eam
1535 2547 1637 2587 affici

341 2678 377 2721 i)
418 2678 624 2713 mandem-h
652 2679 715 2712 dei·
742 2680 808 2725 Ph)
826 2680 971 2727 <Iologie
998 2681 1057 2714 des
1082 2665 1291 2715 Menseheri.
1331 2679 1456 2715 BdJl.
1483 2692 1520 2728 p.
1535 2683 1609 2715 489.
