<?xml version="1.0" encoding="UTF-8"?>
<!DOCTYPE html PUBLIC "-//W3C//DTD XHTML 1.0 Transitional//EN"
    "http://www.w3.org/TR/xhtml1/DTD/xhtml1-transitional.dtd">
<html xmlns="http://www.w3.org/1999/xhtml" xml:lang="en" lang="en">
 <head>
  <title>
</title>
<meta http-equiv="Content-Type" content="text/html;charset=utf-8" />
  <meta name='ocr-system' content='tesseract 3.04.00' />
  <meta name='ocr-capabilities' content='ocr_page ocr_carea ocr_par ocr_line ocrx_word'/>
</head>
<body>
  <div class='ocr_page' id='page_1' title='image "./deaviumnervisros00bamb_0041.png"; bbox 0 0 1732 3014; ppageno 0'>
   <div class='ocr_carea' id='block_1_1' title="bbox 775 296 836 340">
    <p class='ocr_par' dir='ltr' id='par_1_1' title="bbox 775 296 836 340">
     <span class='ocr_line' id='line_1_1' title="bbox 775 296 836 340; baseline -0.033 0"><span class='ocrx_word' id='word_1_1' title='bbox 775 296 836 340; x_wconf 72' lang='lat'>35</span> 
     </span>
    </p>
   </div>
   <div class='ocr_carea' id='block_1_2' title="bbox 697 361 807 369">
    <p class='ocr_par' dir='ltr' id='par_1_2' title="bbox 697 361 807 369">
     <span class='ocr_line' id='line_1_2' title="bbox 697 361 807 369; baseline 0 0"><span class='ocrx_word' id='word_1_2' title='bbox 697 361 807 369; x_wconf 95' lang='lat' dir='ltr'> </span> 
     </span>
    </p>
   </div>
   <div class='ocr_carea' id='block_1_3' title="bbox 86 416 1512 2048">
    <p class='ocr_par' dir='ltr' id='par_1_3' title="bbox 107 416 1491 528">
     <span class='ocr_line' id='line_1_3' title="bbox 107 416 1491 476; baseline 0.002 -18"><span class='ocrx_word' id='word_1_3' title='bbox 107 419 206 459; x_wconf 81' lang='lat' dir='ltr'>alter</span> <span class='ocrx_word' id='word_1_4' title='bbox 246 419 295 459; x_wconf 84' lang='lat' dir='ltr'>ad</span> <span class='ocrx_word' id='word_1_5' title='bbox 327 418 582 476; x_wconf 69' lang='lat' dir='ltr'>anteriorem,</span> <span class='ocrx_word' id='word_1_6' title='bbox 616 416 715 455; x_wconf 84' lang='lat' dir='ltr'>alter</span> <span class='ocrx_word' id='word_1_7' title='bbox 740 416 787 456; x_wconf 80' lang='lat' dir='ltr'>ad</span> <span class='ocrx_word' id='word_1_8' title='bbox 820 418 1080 467; x_wconf 76' lang='lat' dir='ltr'>posteriorem</span> <span class='ocrx_word' id='word_1_9' title='bbox 1111 419 1233 470; x_wconf 73' lang='lat' dir='ltr'>palati</span> <span class='ocrx_word' id='word_1_10' title='bbox 1266 424 1414 471; x_wconf 75' lang='lat' dir='ltr'>partem</span> <span class='ocrx_word' id='word_1_11' title='bbox 1448 434 1491 461; x_wconf 69' lang='lat' dir='ltr'>se</span> 
     </span>
     <span class='ocr_line' id='line_1_4' title="bbox 108 488 274 528; baseline -0.012 -1"><span class='ocrx_word' id='word_1_12' title='bbox 108 488 274 528; x_wconf 83' lang='lat' dir='ltr'><strong>confert.</strong></span> 
     </span>
    </p>

    <p class='ocr_par' dir='ltr' id='par_1_4' title="bbox 96 553 1490 1226">
     <span class='ocr_line' id='line_1_5' title="bbox 243 553 1489 605; baseline 0.002 -10"><span class='ocrx_word' id='word_1_13' title='bbox 243 555 428 595; x_wconf 86' lang='lat' dir='ltr'>Ramus</span> <span class='ocrx_word' id='word_1_14' title='bbox 469 553 768 592; x_wconf 77' lang='lat' dir='ltr'>maxillaris</span> <span class='ocrx_word' id='word_1_15' title='bbox 804 555 1048 605; x_wconf 81' lang='lat' dir='ltr'>superior</span> <span class='ocrx_word' id='word_1_16' title='bbox 1092 557 1223 594; x_wconf 74' lang='lat' dir='ltr'>statim</span> <span class='ocrx_word' id='word_1_17' title='bbox 1258 559 1389 596; x_wconf 78' lang='lat' dir='ltr'>cranio</span> <span class='ocrx_word' id='word_1_18' title='bbox 1422 570 1489 597; x_wconf 76' lang='lat' dir='ltr'>re—</span> 
     </span>
     <span class='ocr_line' id='line_1_6' title="bbox 104 621 1490 676; baseline 0.001 -13"><span class='ocrx_word' id='word_1_19' title='bbox 104 624 197 663; x_wconf 87' lang='lat' dir='ltr'>licto</span> <span class='ocrx_word' id='word_1_20' title='bbox 228 624 266 663; x_wconf 86' lang='lat' dir='ltr'>in</span> <span class='ocrx_word' id='word_1_21' title='bbox 304 625 386 662; x_wconf 90' lang='lat' dir='ltr'>tres</span> <span class='ocrx_word' id='word_1_22' title='bbox 429 621 510 661; x_wconf 83' lang='lat' dir='ltr'>abit</span> <span class='ocrx_word' id='word_1_23' title='bbox 544 633 673 660; x_wconf 85' lang='lat' dir='ltr'>ramos</span> <span class='ocrx_word' id='word_1_24' title='bbox 714 622 891 672; x_wconf 82' lang='lat' dir='ltr'>ejusdem</span> <span class='ocrx_word' id='word_1_25' title='bbox 924 623 1210 663; x_wconf 78' lang='lat' dir='ltr'>erassitudinis.</span> <span class='ocrx_word' id='word_1_26' title='bbox 1272 624 1490 676; x_wconf 68' lang='lat' dir='ltr'>Supremos</span> 
     </span>
     <span class='ocr_line' id='line_1_7' title="bbox 103 689 1489 742; baseline 0.001 -11"><span class='ocrx_word' id='word_1_27' title='bbox 103 704 237 731; x_wconf 89' lang='lat' dir='ltr'>eorum</span> <span class='ocrx_word' id='word_1_28' title='bbox 278 691 343 730; x_wconf 88' lang='lat' dir='ltr'>fila</span> <span class='ocrx_word' id='word_1_29' title='bbox 374 690 531 729; x_wconf 81' lang='lat' dir='ltr'>(limittit</span> <span class='ocrx_word' id='word_1_30' title='bbox 568 689 618 728; x_wconf 86' lang='lat' dir='ltr'>ad</span> <span class='ocrx_word' id='word_1_31' title='bbox 657 689 885 740; x_wconf 75' lang='lat' dir='ltr'>palpebram</span> <span class='ocrx_word' id='word_1_32' title='bbox 924 692 1167 742; x_wconf 87' lang='lat' dir='ltr'>superiorem</span> <span class='ocrx_word' id='word_1_33' title='bbox 1207 694 1247 731; x_wconf 88' lang='lat' dir='ltr'>et</span> <span class='ocrx_word' id='word_1_34' title='bbox 1276 693 1326 732; x_wconf 82' lang='lat' dir='ltr'>ad</span> <span class='ocrx_word' id='word_1_35' title='bbox 1364 696 1489 733; x_wconf 81' lang='lat' dir='ltr'>eutem</span> 
     </span>
     <span class='ocr_line' id='line_1_8' title="bbox 97 743 1489 815; baseline 0.001 -15"><span class='ocrx_word' id='word_1_36' title='bbox 97 743 197 812; x_wconf 74' lang='lat' dir='ltr'>&#39;post</span> <span class='ocrx_word' id='word_1_37' title='bbox 227 760 392 800; x_wconf 88' lang='lat' dir='ltr'>oculum.</span> <span class='ocrx_word' id='word_1_38' title='bbox 454 757 600 796; x_wconf 85' lang='lat' dir='ltr'>Ramus</span> <span class='ocrx_word' id='word_1_39' title='bbox 641 757 791 796; x_wconf 79' lang='lat' dir='ltr'>medius</span> <span class='ocrx_word' id='word_1_40' title='bbox 821 770 1003 809; x_wconf 92' lang='lat' dir='ltr'>prorsum</span> <span class='ocrx_word' id='word_1_41' title='bbox 1044 760 1210 800; x_wconf 88' lang='lat' dir='ltr'>tendens</span> <span class='ocrx_word' id='word_1_42' title='bbox 1249 763 1368 813; x_wconf 83' lang='lat' dir='ltr'>atque</span> <span class='ocrx_word' id='word_1_43' title='bbox 1398 763 1489 815; x_wconf 60' lang='lat' dir='ltr'>pal,—</span> 
     </span>
     <span class='ocr_line' id='line_1_9' title="bbox 99 826 1488 881; baseline 0.002 -13"><span class='ocrx_word' id='word_1_44' title='bbox 99 829 262 881; x_wconf 88' lang='lat' dir='ltr'>pehram</span> <span class='ocrx_word' id='word_1_45' title='bbox 292 828 516 868; x_wconf 79' lang='lat' dir='ltr'>inferiorem</span> <span class='ocrx_word' id='word_1_46' title='bbox 547 826 622 865; x_wconf 80' lang='lat' dir='ltr'>iilis</span> <span class='ocrx_word' id='word_1_47' title='bbox 654 838 931 878; x_wconf 82' lang='lat' dir='ltr'>conspergens</span> <span class='ocrx_word' id='word_1_48' title='bbox 962 828 1011 867; x_wconf 89' lang='lat' dir='ltr'>ad</span> <span class='ocrx_word' id='word_1_49' title='bbox 1038 829 1224 880; x_wconf 78' lang='lat' dir='ltr'>angulum</span> <span class='ocrx_word' id='word_1_50' title='bbox 1257 831 1337 868; x_wconf 85' lang='lat' dir='ltr'>oris</span> <span class='ocrx_word' id='word_1_51' title='bbox 1369 834 1409 870; x_wconf 89' lang='lat' dir='ltr'>et</span> <span class='ocrx_word' id='word_1_52' title='bbox 1439 832 1488 871; x_wconf 86' lang='lat' dir='ltr'>ad</span> 
     </span>
     <span class='ocr_line' id='line_1_10' title="bbox 99 895 1487 948; baseline 0 -10"><span class='ocrx_word' id='word_1_53' title='bbox 99 898 314 948; x_wconf 80' lang='lat' dir='ltr'>marginem</span> <span class='ocrx_word' id='word_1_54' title='bbox 353 896 575 935; x_wconf 74' lang='lat' dir='ltr'>inferiorem</span> <span class='ocrx_word' id='word_1_55' title='bbox 612 895 796 934; x_wconf 80' lang='lat' dir='ltr'>maxillae</span> <span class='ocrx_word' id='word_1_56' title='bbox 837 897 1056 947; x_wconf 81' lang='lat' dir='ltr'>superioris</span> <span class='ocrx_word' id='word_1_57' title='bbox 1088 910 1133 937; x_wconf 89' lang='lat' dir='ltr'>se</span> <span class='ocrx_word' id='word_1_58' title='bbox 1165 899 1330 938; x_wconf 85' lang='lat' dir='ltr'>confert.</span> <span class='ocrx_word' id='word_1_59' title='bbox 1390 898 1487 938; x_wconf 82' lang='lat' dir='ltr'>Infi-</span> 
     </span>
     <span class='ocr_line' id='line_1_11' title="bbox 98 964 1484 1020; baseline 0.001 -15"><span class='ocrx_word' id='word_1_60' title='bbox 98 979 183 1006; x_wconf 89' lang='lat' dir='ltr'>mus</span> <span class='ocrx_word' id='word_1_61' title='bbox 213 966 313 1005; x_wconf 85' lang='lat' dir='ltr'>infra</span> <span class='ocrx_word' id='word_1_62' title='bbox 334 964 589 1016; x_wconf 81' lang='lat' dir='ltr'>periorbitam</span> <span class='ocrx_word' id='word_1_63' title='bbox 621 965 853 1004; x_wconf 78' lang='lat' dir='ltr'>anteriorem</span> <span class='ocrx_word' id='word_1_64' title='bbox 872 967 1023 1016; x_wconf 88' lang='lat' dir='ltr'>partem</span> <span class='ocrx_word' id='word_1_65' title='bbox 1055 967 1180 1006; x_wconf 85' lang='lat' dir='ltr'>tendit</span> <span class='ocrx_word' id='word_1_66' title='bbox 1210 970 1328 1020; x_wconf 78' lang='lat' dir='ltr'>atque</span> <span class='ocrx_word' id='word_1_67' title='bbox 1358 980 1484 1019; x_wconf 85' lang='lat' dir='ltr'>pene-</span> 
     </span>
     <span class='ocr_line' id='line_1_12' title="bbox 98 1034 1484 1091; baseline 0.001 -16"><span class='ocrx_word' id='word_1_68' title='bbox 98 1036 178 1075; x_wconf 86' lang='lat' dir='ltr'>trat</span> <span class='ocrx_word' id='word_1_69' title='bbox 212 1036 251 1074; x_wconf 91' lang='lat' dir='ltr'>in</span> <span class='ocrx_word' id='word_1_70' title='bbox 286 1047 423 1073; x_wconf 81' lang='lat' dir='ltr'>cavum</span> <span class='ocrx_word' id='word_1_71' title='bbox 454 1034 554 1085; x_wconf 74' lang='lat' dir='ltr'>nasi,</span> <span class='ocrx_word' id='word_1_72' title='bbox 586 1034 650 1073; x_wconf 82' lang='lat' dir='ltr'>uhi</span> <span class='ocrx_word' id='word_1_73' title='bbox 682 1035 718 1073; x_wconf 89' lang='lat' dir='ltr'>in</span> <span class='ocrx_word' id='word_1_74' title='bbox 751 1034 850 1073; x_wconf 86' lang='lat' dir='ltr'>duos</span> <span class='ocrx_word' id='word_1_75' title='bbox 882 1036 1072 1075; x_wconf 77' lang='lat' dir='ltr'>scinditur</span> <span class='ocrx_word' id='word_1_76' title='bbox 1103 1037 1288 1088; x_wconf 80' lang='lat' dir='ltr'>ramulos,</span> <span class='ocrx_word' id='word_1_77' title='bbox 1323 1034 1484 1091; x_wconf 75' lang='lat' dir='ltr'>q&#39;uorum</span> 
     </span>
     <span class='ocr_line' id='line_1_13' title="bbox 97 1098 1484 1157; baseline 0.003 -15"><span class='ocrx_word' id='word_1_78' title='bbox 97 1104 197 1143; x_wconf 87' lang='lat' dir='ltr'>alter</span> <span class='ocrx_word' id='word_1_79' title='bbox 230 1102 455 1153; x_wconf 72' lang='lat' dir='ltr'><strong>ingreditur</strong></span> <span class='ocrx_word' id='word_1_80' title='bbox 493 1102 751 1142; x_wconf 77' lang='lat' dir='ltr'>membranam</span> <span class='ocrx_word' id='word_1_81' title='bbox 783 1098 979 1142; x_wconf 82' lang='lat' dir='ltr'>mucosam</span> <span class='ocrx_word' id='word_1_82' title='bbox 1011 1105 1158 1157; x_wconf 77' lang='lat' dir='ltr'>palati,</span> <span class='ocrx_word' id='word_1_83' title='bbox 1202 1106 1302 1145; x_wconf 86' lang='lat' dir='ltr'>alter</span> <span class='ocrx_word' id='word_1_84' title='bbox 1342 1109 1484 1146; x_wconf 84' lang='lat' dir='ltr'>exter-</span> 
     </span>
     <span class='ocr_line' id='line_1_14' title="bbox 96 1172 1481 1226; baseline 0.001 -14"><span class='ocrx_word' id='word_1_85' title='bbox 96 1184 181 1212; x_wconf 87' lang='lat' dir='ltr'>nam</span> <span class='ocrx_word' id='word_1_86' title='bbox 202 1172 344 1223; x_wconf 85' lang='lat' dir='ltr'>petens</span> <span class='ocrx_word' id='word_1_87' title='bbox 373 1172 525 1222; x_wconf 86' lang='lat' dir='ltr'>partem</span> <span class='ocrx_word' id='word_1_88' title='bbox 548 1172 688 1221; x_wconf 84' lang='lat' dir='ltr'>vergit</span> <span class='ocrx_word' id='word_1_89' title='bbox 717 1172 764 1211; x_wconf 80' lang='lat' dir='ltr'>ad</span> <span class='ocrx_word' id='word_1_90' title='bbox 787 1173 1004 1223; x_wconf 82' lang='lat' dir='ltr'>marginem</span> <span class='ocrx_word' id='word_1_91' title='bbox 1033 1173 1218 1214; x_wconf 82' lang='lat' dir='ltr'>maxillae</span> <span class='ocrx_word' id='word_1_92' title='bbox 1248 1175 1481 1226; x_wconf 75' lang='lat' dir='ltr'>superioris.</span> 
     </span>
    </p>

    <p class='ocr_par' dir='ltr' id='par_1_5' title="bbox 86 1239 1512 2048">
     <span class='ocr_line' id='line_1_15' title="bbox 231 1239 1482 1293; baseline 0.004 -15"><span class='ocrx_word' id='word_1_93' title='bbox 231 1239 416 1279; x_wconf 85' lang='lat' dir='ltr'>Ramus</span> <span class='ocrx_word' id='word_1_94' title='bbox 457 1240 756 1280; x_wconf 77' lang='lat' dir='ltr'>maxillaris</span> <span class='ocrx_word' id='word_1_95' title='bbox 796 1240 1021 1281; x_wconf 88' lang='lat' dir='ltr'>inferior</span> <span class='ocrx_word' id='word_1_96' title='bbox 1059 1241 1163 1281; x_wconf 81' lang='lat' dir='ltr'>haud</span> <span class='ocrx_word' id='word_1_97' title='bbox 1193 1242 1317 1293; x_wconf 88' lang='lat' dir='ltr'>longe</span> <span class='ocrx_word' id='word_1_98' title='bbox 1348 1255 1482 1283; x_wconf 86' lang='lat' dir='ltr'>remo-</span> 
     </span>
     <span class='ocr_line' id='line_1_16' title="bbox 93 1308 1480 1363; baseline 0.003 -16"><span class='ocrx_word' id='word_1_99' title='bbox 93 1309 157 1347; x_wconf 84' lang='lat' dir='ltr'>tus</span> <span class='ocrx_word' id='word_1_100' title='bbox 189 1321 211 1348; x_wconf 88' lang='lat' dir='ltr'>a</span> <span class='ocrx_word' id='word_1_101' title='bbox 241 1321 346 1348; x_wconf 89' lang='lat' dir='ltr'>ramo</span> <span class='ocrx_word' id='word_1_102' title='bbox 371 1308 565 1347; x_wconf 86' lang='lat' dir='ltr'>maxillari</span> <span class='ocrx_word' id='word_1_103' title='bbox 597 1309 803 1360; x_wconf 85' lang='lat' dir='ltr'>superiore</span> <span class='ocrx_word' id='word_1_104' title='bbox 832 1321 906 1361; x_wconf 86' lang='lat' dir='ltr'>per</span> <span class='ocrx_word' id='word_1_105' title='bbox 934 1311 1135 1362; x_wconf 83' lang='lat' dir='ltr'>peculiare</span> <span class='ocrx_word' id='word_1_106' title='bbox 1165 1311 1339 1351; x_wconf 85' lang='lat' dir='ltr'>foramen</span> <span class='ocrx_word' id='word_1_107' title='bbox 1358 1324 1480 1363; x_wconf 86' lang='lat' dir='ltr'>pror-</span> 
     </span>
     <span class='ocr_line' id='line_1_17' title="bbox 91 1376 1479 1430; baseline 0.002 -14"><span class='ocrx_word' id='word_1_108' title='bbox 91 1389 175 1417; x_wconf 88' lang='lat' dir='ltr'>sum</span> <span class='ocrx_word' id='word_1_109' title='bbox 207 1389 229 1417; x_wconf 94' lang='lat' dir='ltr'>e</span> <span class='ocrx_word' id='word_1_110' title='bbox 260 1377 390 1417; x_wconf 88' lang='lat' dir='ltr'>eranio</span> <span class='ocrx_word' id='word_1_111' title='bbox 431 1376 638 1428; x_wconf 84' lang='lat' dir='ltr'>egreditur</span> <span class='ocrx_word' id='word_1_112' title='bbox 684 1378 801 1430; x_wconf 83' lang='lat' dir='ltr'>atque</span> <span class='ocrx_word' id='word_1_113' title='bbox 840 1391 933 1418; x_wconf 87' lang='lat' dir='ltr'>mox</span> <span class='ocrx_word' id='word_1_114' title='bbox 964 1379 1064 1418; x_wconf 85' lang='lat' dir='ltr'>duos</span> <span class='ocrx_word' id='word_1_115' title='bbox 1098 1380 1240 1419; x_wconf 89' lang='lat' dir='ltr'>emittit</span> <span class='ocrx_word' id='word_1_116' title='bbox 1269 1392 1399 1420; x_wconf 90' lang='lat' dir='ltr'>ramos</span> <span class='ocrx_word' id='word_1_117' title='bbox 1428 1381 1479 1419; x_wconf 85' lang='lat' dir='ltr'>ad</span> 
     </span>
     <span class='ocr_line' id='line_1_18' title="bbox 91 1434 1478 1500; baseline 0.003 -16"><span class='ocrx_word' id='word_1_118' title='bbox 91 1446 303 1486; x_wconf 83' lang='lat' dir='ltr'>musculum</span> <span class='ocrx_word' id='word_1_119' title='bbox 342 1446 597 1497; x_wconf 75' lang='lat' dir='ltr'>temporalem</span> <span class='ocrx_word' id='word_1_120' title='bbox 635 1434 829 1499; x_wconf 73' lang='lat' dir='ltr'>aliu&#39;mque</span> <span class='ocrx_word' id='word_1_121' title='bbox 867 1447 918 1486; x_wconf 86' lang='lat' dir='ltr'>ad</span> <span class='ocrx_word' id='word_1_122' title='bbox 950 1448 1146 1487; x_wconf 85' lang='lat' dir='ltr'>musculos</span> <span class='ocrx_word' id='word_1_123' title='bbox 1186 1448 1322 1500; x_wconf 88' lang='lat' dir='ltr'>palati.</span> <span class='ocrx_word' id='word_1_124' title='bbox 1382 1447 1478 1488; x_wconf 89' lang='lat' dir='ltr'>Inde</span> 
     </span>
     <span class='ocr_line' id='line_1_19' title="bbox 91 1514 1476 1569; baseline 0.002 -15"><span class='ocrx_word' id='word_1_125' title='bbox 91 1527 242 1554; x_wconf 85' lang='lat' dir='ltr'>nervus</span> <span class='ocrx_word' id='word_1_126' title='bbox 282 1514 490 1554; x_wconf 80' lang='lat' dir='ltr'>descendit</span> <span class='ocrx_word' id='word_1_127' title='bbox 529 1514 578 1553; x_wconf 75' lang='lat' dir='ltr'>ad</span> <span class='ocrx_word' id='word_1_128' title='bbox 619 1515 808 1554; x_wconf 83' lang='lat' dir='ltr'>internam</span> <span class='ocrx_word' id='word_1_129' title='bbox 847 1516 1033 1555; x_wconf 82' lang='lat' dir='ltr'>maxillae</span> <span class='ocrx_word' id='word_1_130' title='bbox 1073 1517 1272 1557; x_wconf 82' lang='lat' dir='ltr'>inferioris</span> <span class='ocrx_word' id='word_1_131' title='bbox 1311 1519 1476 1569; x_wconf 84' lang='lat' dir='ltr'>partem,</span> 
     </span>
     <span class='ocr_line' id='line_1_20' title="bbox 92 1583 1477 1636; baseline 0.002 -14"><span class='ocrx_word' id='word_1_132' title='bbox 92 1583 157 1622; x_wconf 90' lang='lat' dir='ltr'>uhi</span> <span class='ocrx_word' id='word_1_133' title='bbox 197 1596 341 1636; x_wconf 86' lang='lat' dir='ltr'>ramum</span> <span class='ocrx_word' id='word_1_134' title='bbox 382 1583 490 1634; x_wconf 82' lang='lat' dir='ltr'>ejicit</span> <span class='ocrx_word' id='word_1_135' title='bbox 531 1584 595 1636; x_wconf 84' lang='lat' dir='ltr'>qui</span> <span class='ocrx_word' id='word_1_136' title='bbox 637 1595 709 1634; x_wconf 86' lang='lat' dir='ltr'>per</span> <span class='ocrx_word' id='word_1_137' title='bbox 749 1585 874 1635; x_wconf 83' lang='lat' dir='ltr'>ipsam</span> <span class='ocrx_word' id='word_1_138' title='bbox 911 1585 1107 1624; x_wconf 88' lang='lat' dir='ltr'>maxiHam</span> <span class='ocrx_word' id='word_1_139' title='bbox 1140 1586 1322 1625; x_wconf 88' lang='lat' dir='ltr'>deorsum</span> <span class='ocrx_word' id='word_1_140' title='bbox 1351 1586 1477 1626; x_wconf 86' lang='lat' dir='ltr'>tendit</span> 
     </span>
     <span class='ocr_line' id='line_1_21' title="bbox 91 1651 1473 1703; baseline 0.004 -14"><span class='ocrx_word' id='word_1_141' title='bbox 91 1653 132 1690; x_wconf 89' lang='lat' dir='ltr'>et</span> <span class='ocrx_word' id='word_1_142' title='bbox 161 1651 198 1690; x_wconf 87' lang='lat' dir='ltr'>in</span> <span class='ocrx_word' id='word_1_143' title='bbox 228 1651 385 1690; x_wconf 83' lang='lat' dir='ltr'>multos</span> <span class='ocrx_word' id='word_1_144' title='bbox 410 1651 580 1691; x_wconf 82' lang='lat' dir='ltr'>ramulos</span> <span class='ocrx_word' id='word_1_145' title='bbox 621 1651 740 1691; x_wconf 81' lang='lat' dir='ltr'>fissus</span> <span class='ocrx_word' id='word_1_146' title='bbox 779 1653 817 1692; x_wconf 91' lang='lat' dir='ltr'>in</span> <span class='ocrx_word' id='word_1_147' title='bbox 857 1654 982 1692; x_wconf 88' lang='lat' dir='ltr'>eutem</span> <span class='ocrx_word' id='word_1_148' title='bbox 1014 1655 1189 1703; x_wconf 79' lang='lat' dir='ltr'>gutturis</span> <span class='ocrx_word' id='word_1_149' title='bbox 1220 1654 1284 1694; x_wconf 81' lang='lat' dir='ltr'>fila</span> <span class='ocrx_word' id='word_1_150' title='bbox 1313 1655 1473 1694; x_wconf 83' lang='lat' dir='ltr'>inducit.</span> 
     </span>
     <span class='ocr_line' id='line_1_22' title="bbox 89 1715 1512 1776; baseline 0.004 -18"><span class='ocrx_word' id='word_1_151' title='bbox 89 1717 212 1759; x_wconf 87' lang='lat' dir='ltr'>Simul</span> <span class='ocrx_word' id='word_1_152' title='bbox 243 1719 357 1758; x_wconf 85' lang='lat' dir='ltr'>alium</span> <span class='ocrx_word' id='word_1_153' title='bbox 390 1719 549 1760; x_wconf 80' lang='lat' dir='ltr'>dimittit</span> <span class='ocrx_word' id='word_1_154' title='bbox 586 1733 757 1774; x_wconf 84' lang='lat' dir='ltr'>moxque</span> <span class='ocrx_word' id='word_1_155' title='bbox 785 1723 941 1763; x_wconf 85' lang='lat' dir='ltr'>tertium</span> <span class='ocrx_word' id='word_1_156' title='bbox 971 1735 1142 1774; x_wconf 77' lang='lat' dir='ltr'>ramum,</span> <span class='ocrx_word' id='word_1_157' title='bbox 1182 1724 1248 1776; x_wconf 85' lang='lat' dir='ltr'>qni</span> <span class='ocrx_word' id='word_1_158' title='bbox 1277 1723 1471 1763; x_wconf 85' lang='lat' dir='ltr'>maxillam</span> <span class='ocrx_word' id='word_1_159' title='bbox 1506 1715 1512 1718; x_wconf 50' lang='grc'><em>”</em></span> 
     </span>
     <span class='ocr_line' id='line_1_23' title="bbox 88 1787 1471 1845; baseline 0.004 -19"><span class='ocrx_word' id='word_1_160' title='bbox 88 1787 339 1840; x_wconf 80' lang='lat' dir='ltr'>perforantes</span> <span class='ocrx_word' id='word_1_161' title='bbox 383 1791 499 1829; x_wconf 89' lang='lat' dir='ltr'>extra</span> <span class='ocrx_word' id='word_1_162' title='bbox 542 1802 615 1841; x_wconf 87' lang='lat' dir='ltr'>per</span> <span class='ocrx_word' id='word_1_163' title='bbox 655 1790 841 1829; x_wconf 85' lang='lat' dir='ltr'>ma&#39;eulam</span> <span class='ocrx_word' id='word_1_164' title='bbox 881 1793 1161 1831; x_wconf 83' lang='lat' dir='ltr'>connectuntur</span> <span class='ocrx_word' id='word_1_165' title='bbox 1199 1792 1471 1845; x_wconf 80' lang='lat' dir='ltr'>permultaque</span> 
     </span>
     <span class='ocr_line' id='line_1_24' title="bbox 87 1855 1469 1900; baseline 0.002 -5"><span class='ocrx_word' id='word_1_166' title='bbox 87 1856 153 1896; x_wconf 86' lang='lat' dir='ltr'>fila</span> <span class='ocrx_word' id='word_1_167' title='bbox 193 1856 242 1896; x_wconf 85' lang='lat' dir='ltr'>ad</span> <span class='ocrx_word' id='word_1_168' title='bbox 291 1858 415 1896; x_wconf 87' lang='lat' dir='ltr'>cutem</span> <span class='ocrx_word' id='word_1_169' title='bbox 460 1857 669 1897; x_wconf 79' lang='lat' dir='ltr'>deducunt.</span> <span class='ocrx_word' id='word_1_170' title='bbox 749 1858 850 1897; x_wconf 84' lang='lat' dir='ltr'>Tum</span> <span class='ocrx_word' id='word_1_171' title='bbox 898 1872 1045 1899; x_wconf 77' lang='lat' dir='ltr'>nervus</span> <span class='ocrx_word' id='word_1_172' title='bbox 1096 1862 1133 1900; x_wconf 91' lang='lat' dir='ltr'>in</span> <span class='ocrx_word' id='word_1_173' title='bbox 1175 1855 1316 1900; x_wconf 75' lang='lat' dir='ltr'>canale</span> <span class='ocrx_word' id='word_1_174' title='bbox 1350 1873 1469 1900; x_wconf 75' lang='lat' dir='ltr'>osseo</span> 
     </span>
     <span class='ocr_line' id='line_1_25' title="bbox 86 1925 1467 1979; baseline 0.004 -16"><span class='ocrx_word' id='word_1_175' title='bbox 86 1937 267 1977; x_wconf 84' lang='lat' dir='ltr'>prorsum</span> <span class='ocrx_word' id='word_1_176' title='bbox 306 1925 432 1964; x_wconf 81' lang='lat' dir='ltr'>tendit</span> <span class='ocrx_word' id='word_1_177' title='bbox 469 1927 587 1979; x_wconf 86' lang='lat' dir='ltr'>atque</span> <span class='ocrx_word' id='word_1_178' title='bbox 623 1927 661 1966; x_wconf 84' lang='lat' dir='ltr'>in</span> <span class='ocrx_word' id='word_1_179' title='bbox 692 1927 804 1978; x_wconf 82' lang='lat' dir='ltr'>apice</span> <span class='ocrx_word' id='word_1_180' title='bbox 840 1929 960 1967; x_wconf 83' lang='lat' dir='ltr'>rostri</span> <span class='ocrx_word' id='word_1_181' title='bbox 1001 1928 1064 1969; x_wconf 77' lang='lat' dir='ltr'>fila</span> <span class='ocrx_word' id='word_1_182' title='bbox 1106 1929 1205 1970; x_wconf 80' lang='lat' dir='ltr'>haud</span> <span class='ocrx_word' id='word_1_183' title='bbox 1249 1942 1337 1970; x_wconf 85' lang='lat' dir='ltr'>rara</span> <span class='ocrx_word' id='word_1_184' title='bbox 1368 1931 1467 1970; x_wconf 81' lang='lat' dir='ltr'>inter</span> 
     </span>
     <span class='ocr_line' id='line_1_26' title="bbox 87 1995 1006 2048; baseline 0.002 -14"><span class='ocrx_word' id='word_1_185' title='bbox 87 2007 134 2034; x_wconf 90' lang='lat' dir='ltr'>os</span> <span class='ocrx_word' id='word_1_186' title='bbox 163 1995 281 2048; x_wconf 86' lang='lat' dir='ltr'>atque</span> <span class='ocrx_word' id='word_1_187' title='bbox 311 1996 550 2046; x_wconf 82' lang='lat' dir='ltr'>tegmentum</span> <span class='ocrx_word' id='word_1_188' title='bbox 582 2006 760 2036; x_wconf 79' lang='lat' dir='ltr'>corneum</span> <span class='ocrx_word' id='word_1_189' title='bbox 793 1997 1006 2038; x_wconf 80' lang='lat' dir='ltr'>distribuit.</span> 
     </span>
    </p>
   </div>
  </div>
 </body>
</html>
