1732 3014
835 255 864 296 9

298 378 502 417 Nervus
540 376 864 425 trigeminus
915 375 1109 425 ganglion
1150 374 1269 415 efficit
1307 375 1471 417 Gasseri
1511 379 1548 418 in

162 447 313 487 fossula
352 450 464 499 quam
494 454 667 495 superne
699 443 846 483 claudit
886 443 983 483 dura
1020 446 1141 484 mater
1171 446 1300 484 situm.
1359 445 1464 485 Tres
1495 458 1549 486 ex

160 528 208 555 eo
241 516 414 554 oriuntur
445 513 539 553 rami
568 512 615 566 f).

296 583 477 622 Ramus
523 579 873 633 ophtalmicus
916 581 953 631 in
994 581 1128 620 canale
1160 594 1279 621 osseo
1319 582 1368 622 ad
1398 584 1548 634 partem

157 652 392 691 anteriorem
432 653 473 690 et
512 650 735 689 interiorem
776 659 979 700 vergens,
1023 662 1046 689 a
1083 652 1199 701 parte
1230 652 1396 690 externa
1434 652 1548 691 nervi

155 719 346 771 pathetici
385 721 423 759 in
462 719 626 758 orbitam
665 719 871 769 penetrat,
914 716 977 755 ubi
1014 717 1178 758 brevem
1216 721 1449 772 tenuemque
1478 732 1548 759 ra—

154 788 297 828 mulum
342 788 392 828 ad
436 787 632 839 ganglion
675 786 808 825 ciliare
849 785 990 836 dirigit
1033 788 1152 840 atque
1197 788 1297 827 infra
1335 788 1548 827 musculum

154 854 264 896 bulbi
300 857 402 898 oculi
432 859 581 897 rectum
621 858 662 895 et
691 854 889 907 obliquum
921 857 1164 907 superiorem
1193 858 1359 896 anticam
1395 857 1548 897 orbitae

156 927 290 976 captat
330 928 496 978 partem.
555 925 643 964 Hoc
679 923 768 963 loco
809 925 1040 975 pertenuem
1079 926 1188 977 ejicit
1223 926 1433 977 ramulum,
1482 927 1548 979 qui

155 996 272 1033 extra
311 995 502 1045 grediens
547 995 586 1033 et
634 996 759 1032 cutem
800 993 902 1032 inter
940 993 1198 1034 membranam
1239 1007 1391 1035 ceream
1429 996 1548 1047 atque

155 1062 306 1101 oculum
347 1066 388 1103 et
417 1064 650 1103 anteriorem
682 1062 899 1113 palpebrae
938 1065 1157 1114 superioris
1186 1066 1339 1116 partem
1369 1065 1546 1114 attingit.

155 1132 311 1173 Deinde
350 1134 585 1174 crassiorem
625 1131 785 1170 dimittit
825 1143 991 1182 ramum,
1031 1133 1097 1184 qui
1134 1133 1329 1184 proclivis
1367 1133 1469 1172 infra
1500 1145 1547 1171 os

154 1202 360 1242 maxillare
398 1201 581 1252 superius
617 1200 901 1251 progreditur,
945 1202 1023 1240 tum
1062 1203 1158 1253 post
1195 1214 1311 1241 nares
1351 1204 1469 1241 intrat
1509 1202 1546 1240 in

154 1270 412 1310 membranam
451 1282 624 1319 ceream,
672 1267 736 1307 ubi
767 1269 805 1307 in
835 1271 918 1308 tres
949 1269 1101 1308 scissus
1139 1271 1318 1309 surculos
1354 1270 1418 1309 fila
1447 1282 1546 1321 per-

156 1337 262 1377 ducit
293 1341 333 1379 et
362 1339 412 1379 ad
443 1337 612 1379 conchas
643 1339 684 1377 et
715 1337 765 1378 ad
795 1337 1053 1377 membranam
1089 1350 1255 1378 ceream.
1315 1339 1415 1379 Tum
1447 1351 1545 1378 vero

153 1417 303 1446 nervus
343 1408 444 1447 infra
476 1420 522 1447 os
552 1406 688 1446 nasale
717 1418 900 1457 prorsum
931 1418 1111 1456 vergens
1141 1408 1296 1447 ductum
1335 1408 1440 1459 septi
1471 1420 1546 1446 na—

153 1474 252 1513 rium
290 1477 470 1528 sequitur
500 1475 565 1514 fila
602 1475 735 1514 tenuia
763 1473 854 1513 huie
891 1475 1115 1527 praehens3
1165 1476 1332 1528 denique
1363 1476 1544 1515 deorsum

154 1555 372 1596 rursusque
413 1556 593 1595 prorsum
622 1542 896 1594 progreditur.
957 1543 1073 1583 Haud
1118 1546 1172 1584 ita
1201 1545 1324 1594 longe
1354 1545 1403 1584 ab
1434 1547 1544 1585 nari—-

154 1611 229 1651 bus
261 1625 434 1652 crassum
466 1612 624 1651 deducit
655 1624 822 1662 ramum,
854 1613 919 1664 qui
950 1613 1024 1651 sub
1054 1626 1100 1651 os
1130 1614 1437 1654 inter-maxillare
1468 1614 1545 1653 de-

156 1680 312 1720 seendit
341 1681 378 1720 in
411 1681 732 1730 cartilaginosum
760 1682 1002 1729 tegmentum
1036 1683 1236 1721 interioris
1265 1684 1392 1734 partis
1422 1684 1542 1722 rostri

154 1749 222 1788 uhi
262 1750 300 1788 in
340 1748 475 1801 plures
516 1752 652 1800 partes
694 1749 875 1787 discedit.
936 1749 1021 1789 Fila
1062 1763 1163 1803 quae
1205 1751 1294 1790 inde
1332 1751 1544 1803 prosiliunt

156 1819 283 1864 onmia
325 1830 491 1869 prorsus
547 1819 761 1867 vergentia
807 1818 845 1856 in
894 1830 1074 1857 corneum
1122 1819 1332 1873 multisque
1380 1820 1542 1871 spiculis

154 1887 375 1939 praeditum
406 1886 525 1925 rostri
557 1887 705 1937 apicem
737 1887 1097 1935 transgrediuntur.
1146 1887 1246 1927 Tum
1270 1888 1384 1927 brevi
1416 1889 1542 1927 inter—

157 1956 263 1996 vallo
304 1956 403 1995 alius
446 1955 573 1994 tenuis
613 1966 743 1993 ramus
779 1955 961 2005 procedit
992 1955 1041 1994 ad
1078 1956 1336 1995 membranam
1376 1968 1540 2006 cereaun

156 2037 257 2078 quae
290 2024 500 2064 circumdat
537 2036 668 2063 nares.
731 2022 872 2063 Ultima
909 2024 1023 2063 nervi
1061 2036 1156 2075 pars
1195 2027 1344 2076 partem
1378 2026 1541 2064 anticam

156 2096 298 2145 petens
329 2092 455 2132 tendit
484 2093 521 2131 in
552 2104 598 2131 os
629 2092 959 2144 intermaxillare‚
1000 2092 1132 2145 ibique
1162 2094 1201 2132 in
1232 2094 1331 2133 duos
1360 2094 1540 2133 surculos

156 2162 275 2202 fissus
304 2161 544 2201 tenuissimis
575 2160 650 2200 [ilis
682 2161 866 2201 dilabitur
895 2162 998 2200 inter
1028 2173 1074 2200 os
1103 2162 1222 2214 atque
1250 2173 1436 2212 unguem.

294 2218 814 2270 Ranius·›nraxilla1·is
854 2230 1121 2281 superior,
1159 2243 1306 2270 nervus
1337 2227 1541 2270 admodiim

157 2311 330 2350 crassus,
352 2300 416 2352 qui
431 2298 564 2350 paullo
580 2301 673 2349 post
694 2299 841 2337 exitum
863 2311 884 2337 e
908 2300 1039 2338 cranio
1060 2311 1204 2338 ramum
1220 2298 1324 2338 haud
1343 2311 1539 2350 spernen—

158 2368 245 2407 dum
265 2368 314 2408 ad
334 2368 556 2407 inferiorem
576 2367 714 2416 dirigit
731 2367 973 2418 palpebram,
995 2367 1097 2407 unde
1118 2369 1233 2407 etiam
1251 2368 1424 2407 nonnulli
1446 2380 1539 2406 sur-

157 2436 233 2476 culi
261 2439 479 2487 assurgunt
509 2435 558 2475 ad
587 2437 848 2486 posteriorem
879 2436 1095 2488 palpebrae
1125 2437 1342 2488 superioris
1371 2437 1536 2487 partem.

157 2505 310 2545 Deinde
348 2507 449 2545 infra
486 2505 739 2557 periorhitam
786 2517 967 2557 prorsum
1006 2506 1131 2546 tendit
1169 2507 1289 2559 atque
1326 2505 1537 2556 palatinum

227 2605 263 2649 f)
298 2607 391 2640 Tres
414 2605 628 2640 invenimus
653 2603 759 2649 hujus
783 2605 890 2641 nervi
914 2605 1178 2642 delineationes
1203 2606 1242 2641 in
1263 2606 1421 2652 Scarpae
1444 2616 1535 2640 anam

297 2661 441 2698 tomicis
468 2661 790 2710 disquisitionibus
817 2663 862 2697 cle
890 2663 1015 2698 auditu
1044 2671 1078 2699 et
1104 2665 1248 2699 ollactu.
