<?xml version="1.0" encoding="UTF-8"?>
<!DOCTYPE html PUBLIC "-//W3C//DTD XHTML 1.0 Transitional//EN"
    "http://www.w3.org/TR/xhtml1/DTD/xhtml1-transitional.dtd">
<html xmlns="http://www.w3.org/1999/xhtml" xml:lang="en" lang="en">
 <head>
  <title>
</title>
<meta http-equiv="Content-Type" content="text/html;charset=utf-8" />
  <meta name='ocr-system' content='tesseract 3.04.00' />
  <meta name='ocr-capabilities' content='ocr_page ocr_carea ocr_par ocr_line ocrx_word'/>
</head>
<body>
  <div class='ocr_page' id='page_1' title='image "./deaviumnervisros00bamb_0032.png"; bbox 0 0 1732 3014; ppageno 0'>
   <div class='ocr_carea' id='block_1_1' title="bbox 856 224 917 268">
    <p class='ocr_par' dir='ltr' id='par_1_1' title="bbox 856 224 917 268">
     <span class='ocr_line' id='line_1_1' title="bbox 856 224 917 268; baseline 0 0"><span class='ocrx_word' id='word_1_1' title='bbox 856 224 917 268; x_wconf 73' lang='lat'><strong>26</strong></span> 
     </span>
    </p>
   </div>
   <div class='ocr_carea' id='block_1_2' title="bbox 187 342 1586 1295">
    <p class='ocr_par' dir='ltr' id='par_1_2' title="bbox 187 342 1586 1295">
     <span class='ocr_line' id='line_1_2' title="bbox 343 342 1583 398; baseline 0 -11"><span class='ocrx_word' id='word_1_2' title='bbox 343 344 461 387; x_wconf 82' lang='lat' dir='ltr'><strong>Ram</strong></span> <span class='ocrx_word' id='word_1_3' title='bbox 474 356 527 385; x_wconf 84' lang='lat' dir='ltr'><strong>us</strong></span> <span class='ocrx_word' id='word_1_4' title='bbox 569 342 964 395; x_wconf 77' lang='lat' dir='ltr'>ophthalmicus</span> <span class='ocrx_word' id='word_1_5' title='bbox 1004 347 1097 398; x_wconf 83' lang='lat' dir='ltr'><strong>post</strong></span> <span class='ocrx_word' id='word_1_6' title='bbox 1126 346 1323 387; x_wconf 78' lang='lat' dir='ltr'><strong>introitum</strong></span> <span class='ocrx_word' id='word_1_7' title='bbox 1355 348 1391 387; x_wconf 85' lang='lat' dir='ltr'><strong>in</strong></span> <span class='ocrx_word' id='word_1_8' title='bbox 1421 347 1583 389; x_wconf 82' lang='lat' dir='ltr'><strong>orbitam</strong></span> 
     </span>
     <span class='ocr_line' id='line_1_3' title="bbox 202 413 1583 471; baseline 0.001 -15"><span class='ocrx_word' id='word_1_9' title='bbox 202 428 345 456; x_wconf 87' lang='lat' dir='ltr'><strong>ranmm</strong></span> <span class='ocrx_word' id='word_1_10' title='bbox 377 414 580 456; x_wconf 81' lang='lat' dir='ltr'>admodum</span> <span class='ocrx_word' id='word_1_11' title='bbox 612 425 784 453; x_wconf 86' lang='lat' dir='ltr'><strong>crassum</strong></span> <span class='ocrx_word' id='word_1_12' title='bbox 816 413 956 465; x_wconf 75' lang='lat' dir='ltr'><strong>dirigit</strong></span> <span class='ocrx_word' id='word_1_13' title='bbox 996 415 1045 454; x_wconf 87' lang='lat' dir='ltr'><strong>ad</strong></span> <span class='ocrx_word' id='word_1_14' title='bbox 1086 415 1281 466; x_wconf 88' lang='lat' dir='ltr'><strong>ganglion</strong></span> <span class='ocrx_word' id='word_1_15' title='bbox 1312 416 1468 468; x_wconf 74' lang='lat' dir='ltr'><strong>efflare,</strong></span> <span class='ocrx_word' id='word_1_16' title='bbox 1507 430 1583 471; x_wconf 89' lang='lat' dir='ltr'><strong>quo</strong></span> 
     </span>
     <span class='ocr_line' id='line_1_4' title="bbox 201 482 1585 534; baseline 0.001 -9"><span class='ocrx_word' id='word_1_17' title='bbox 201 485 306 525; x_wconf 85' lang='lat' dir='ltr'><strong>facto</strong></span> <span class='ocrx_word' id='word_1_18' title='bbox 339 484 389 524; x_wconf 88' lang='lat' dir='ltr'><strong>ad</strong></span> <span class='ocrx_word' id='word_1_19' title='bbox 427 484 660 523; x_wconf 80' lang='lat' dir='ltr'><strong>anteriorem</strong></span> <span class='ocrx_word' id='word_1_20' title='bbox 699 484 837 534; x_wconf 86' lang='lat' dir='ltr'><strong>pergit</strong></span> <span class='ocrx_word' id='word_1_21' title='bbox 879 482 1030 522; x_wconf 76' lang='lat' dir='ltr'><strong>orbitae</strong></span> <span class='ocrx_word' id='word_1_22' title='bbox 1068 484 1271 534; x_wconf 85' lang='lat' dir='ltr'><strong>parietem.</strong></span> <span class='ocrx_word' id='word_1_23' title='bbox 1331 483 1391 524; x_wconf 89' lang='lat' dir='ltr'><strong>Ibi</strong></span> <span class='ocrx_word' id='word_1_24' title='bbox 1434 485 1472 525; x_wconf 89' lang='lat' dir='ltr'><strong>in</strong></span> <span class='ocrx_word' id='word_1_25' title='bbox 1502 488 1585 526; x_wconf 88' lang='lat' dir='ltr'><strong>tres</strong></span> 
     </span>
     <span class='ocr_line' id='line_1_5' title="bbox 201 551 1586 606; baseline 0.001 -14"><span class='ocrx_word' id='word_1_26' title='bbox 201 553 379 606; x_wconf 83' lang='lat' dir='ltr'><strong>ejusdem</strong></span> <span class='ocrx_word' id='word_1_27' title='bbox 420 552 696 592; x_wconf 86' lang='lat' dir='ltr'><strong>crassitudinis</strong></span> <span class='ocrx_word' id='word_1_28' title='bbox 737 551 935 591; x_wconf 81' lang='lat' dir='ltr'><strong>difinditur</strong></span> <span class='ocrx_word' id='word_1_29' title='bbox 975 564 1120 592; x_wconf 89' lang='lat' dir='ltr'><strong>ramos.</strong></span> <span class='ocrx_word' id='word_1_30' title='bbox 1189 552 1342 593; x_wconf 82' lang='lat' dir='ltr'><strong>Primus</strong></span> <span class='ocrx_word' id='word_1_31' title='bbox 1383 555 1586 594; x_wconf 76' lang='lat' dir='ltr'>externam</span> 
     </span>
     <span class='ocr_line' id='line_1_6' title="bbox 198 621 1586 674; baseline 0.001 -13"><span class='ocrx_word' id='word_1_32' title='bbox 198 623 343 674; x_wconf 88' lang='lat' dir='ltr'><strong>petens</strong></span> <span class='ocrx_word' id='word_1_33' title='bbox 373 622 524 674; x_wconf 86' lang='lat' dir='ltr'><strong>partem</strong></span> <span class='ocrx_word' id='word_1_34' title='bbox 552 633 680 674; x_wconf 87' lang='lat' dir='ltr'><strong>prope</strong></span> <span class='ocrx_word' id='word_1_35' title='bbox 710 622 945 661; x_wconf 87' lang='lat' dir='ltr'><strong>anteriorem</strong></span> <span class='ocrx_word' id='word_1_36' title='bbox 975 621 1077 661; x_wconf 89' lang='lat' dir='ltr'><strong>oculi</strong></span> <span class='ocrx_word' id='word_1_37' title='bbox 1108 622 1294 673; x_wconf 80' lang='lat' dir='ltr'>angulum</span> <span class='ocrx_word' id='word_1_38' title='bbox 1322 623 1360 662; x_wconf 92' lang='lat' dir='ltr'><strong>in</strong></span> <span class='ocrx_word' id='word_1_39' title='bbox 1390 623 1586 663; x_wconf 87' lang='lat' dir='ltr'><strong>surculum</strong></span> 
     </span>
     <span class='ocr_line' id='line_1_7' title="bbox 200 689 1584 745; baseline 0 -14"><span class='ocrx_word' id='word_1_40' title='bbox 200 690 446 743; x_wconf 81' lang='lat' dir='ltr'><strong>digreditur,</strong></span> <span class='ocrx_word' id='word_1_41' title='bbox 497 692 562 744; x_wconf 91' lang='lat' dir='ltr'><strong>qui</strong></span> <span class='ocrx_word' id='word_1_42' title='bbox 602 691 745 731; x_wconf 82' lang='lat' dir='ltr'><strong>transit</strong></span> <span class='ocrx_word' id='word_1_43' title='bbox 783 689 834 730; x_wconf 89' lang='lat' dir='ltr'><strong>ad</strong></span> <span class='ocrx_word' id='word_1_44' title='bbox 876 690 1106 743; x_wconf 81' lang='lat' dir='ltr'><strong>palpebram</strong></span> <span class='ocrx_word' id='word_1_45' title='bbox 1147 693 1415 744; x_wconf 77' lang='lat' dir='ltr'><strong>superiorem,</strong></span> <span class='ocrx_word' id='word_1_46' title='bbox 1466 693 1584 745; x_wconf 89' lang='lat' dir='ltr'><strong>inque</strong></span> 
     </span>
     <span class='ocr_line' id='line_1_8' title="bbox 189 759 1584 814; baseline 0.002 -17"><span class='ocrx_word' id='word_1_47' title='bbox 189 760 314 800; x_wconf 79' lang='lat' dir='ltr'><strong>,alium</strong></span> <span class='ocrx_word' id='word_1_48' title='bbox 344 762 581 810; x_wconf 87' lang='lat' dir='ltr'><strong>vergentem</strong></span> <span class='ocrx_word' id='word_1_49' title='bbox 611 759 661 799; x_wconf 91' lang='lat' dir='ltr'><strong>ad</strong></span> <span class='ocrx_word' id='word_1_50' title='bbox 691 760 816 799; x_wconf 87' lang='lat' dir='ltr'><strong>cutem</strong></span> <span class='ocrx_word' id='word_1_51' title='bbox 841 761 932 799; x_wconf 89' lang='lat' dir='ltr'><strong>ante</strong></span> <span class='ocrx_word' id='word_1_52' title='bbox 957 759 1107 799; x_wconf 89' lang='lat' dir='ltr'><strong>oculum</strong></span> <span class='ocrx_word' id='word_1_53' title='bbox 1139 761 1265 799; x_wconf 88' lang='lat' dir='ltr'><strong>sitam.</strong></span> <span class='ocrx_word' id='word_1_54' title='bbox 1325 760 1484 814; x_wconf 86' lang='lat' dir='ltr'><strong>Reliqui</strong></span> <span class='ocrx_word' id='word_1_55' title='bbox 1508 760 1584 800; x_wconf 90' lang='lat' dir='ltr'><strong>duo</strong></span> 
     </span>
     <span class='ocr_line' id='line_1_9' title="bbox 198 829 1585 882; baseline -0.001 -13"><span class='ocrx_word' id='word_1_56' title='bbox 198 831 294 870; x_wconf 90' lang='lat' dir='ltr'><strong>rami</strong></span> <span class='ocrx_word' id='word_1_57' title='bbox 325 842 397 882; x_wconf 88' lang='lat' dir='ltr'><strong>per</strong></span> <span class='ocrx_word' id='word_1_58' title='bbox 427 829 610 880; x_wconf 88' lang='lat' dir='ltr'><strong>singulos</strong></span> <span class='ocrx_word' id='word_1_59' title='bbox 642 829 800 869; x_wconf 86' lang='lat' dir='ltr'><strong>canales</strong></span> <span class='ocrx_word' id='word_1_60' title='bbox 832 841 975 869; x_wconf 84' lang='lat' dir='ltr'><strong>osseos</strong></span> <span class='ocrx_word' id='word_1_61' title='bbox 1004 832 1214 881; x_wconf 87' lang='lat' dir='ltr'><strong>penetrant</strong></span> <span class='ocrx_word' id='word_1_62' title='bbox 1243 830 1282 869; x_wconf 90' lang='lat' dir='ltr'><strong>in</strong></span> <span class='ocrx_word' id='word_1_63' title='bbox 1312 842 1449 870; x_wconf 85' lang='lat' dir='ltr'><strong>cavum</strong></span> <span class='ocrx_word' id='word_1_64' title='bbox 1484 830 1585 882; x_wconf 76' lang='lat' dir='ltr'><strong>nasi,</strong></span> 
     </span>
     <span class='ocr_line' id='line_1_10' title="bbox 194 898 1584 953; baseline -0.001 -14"><span class='ocrx_word' id='word_1_65' title='bbox 194 899 329 953; x_wconf 83' lang='lat' dir='ltr'><strong>ibique</strong></span> <span class='ocrx_word' id='word_1_66' title='bbox 360 911 499 938; x_wconf 90' lang='lat' dir='ltr'><strong>rursus</strong></span> <span class='ocrx_word' id='word_1_67' title='bbox 531 899 729 950; x_wconf 90' lang='lat' dir='ltr'><strong>conjuncti</strong></span> <span class='ocrx_word' id='word_1_68' title='bbox 773 898 985 937; x_wconf 84' lang='lat' dir='ltr'><strong>sec-undum</strong></span> <span class='ocrx_word' id='word_1_69' title='bbox 1028 900 1183 950; x_wconf 91' lang='lat' dir='ltr'><strong>septum</strong></span> <span class='ocrx_word' id='word_1_70' title='bbox 1213 899 1361 938; x_wconf 89' lang='lat' dir='ltr'><strong>narium</strong></span> <span class='ocrx_word' id='word_1_71' title='bbox 1400 898 1584 938; x_wconf 87' lang='lat' dir='ltr'><strong>deorsum</strong></span> 
     </span>
     <span class='ocr_line' id='line_1_11' title="bbox 187 966 1584 1020; baseline 0.001 -16"><span class='ocrx_word' id='word_1_72' title='bbox 187 970 238 1008; x_wconf 84' lang='lat' dir='ltr'><strong>et</strong></span> <span class='ocrx_word' id='word_1_73' title='bbox 269 980 452 1020; x_wconf 89' lang='lat' dir='ltr'><strong>prorsum</strong></span> <span class='ocrx_word' id='word_1_74' title='bbox 492 967 717 1007; x_wconf 85' lang='lat' dir='ltr'><strong>decurrunt.</strong></span> <span class='ocrx_word' id='word_1_75' title='bbox 776 966 886 1006; x_wconf 88' lang='lat' dir='ltr'><strong>Ante</strong></span> <span class='ocrx_word' id='word_1_76' title='bbox 918 967 1044 1006; x_wconf 87' lang='lat' dir='ltr'><strong>locum</strong></span> <span class='ocrx_word' id='word_1_77' title='bbox 1074 967 1140 1007; x_wconf 92' lang='lat' dir='ltr'><strong>ubi</strong></span> <span class='ocrx_word' id='word_1_78' title='bbox 1173 980 1267 1007; x_wconf 88' lang='lat' dir='ltr'><strong>ossa</strong></span> <span class='ocrx_word' id='word_1_79' title='bbox 1296 967 1584 1007; x_wconf 89' lang='lat' dir='ltr'><strong>intermaxilla-</strong></span> 
     </span>
     <span class='ocr_line' id='line_1_12' title="bbox 187 1035 1584 1090; baseline 0 -15"><span class='ocrx_word' id='word_1_80' title='bbox 187 1038 255 1078; x_wconf 14' lang='lat' dir='ltr'><strong>cria</strong></span> <span class='ocrx_word' id='word_1_81' title='bbox 278 1038 504 1090; x_wconf 87' lang='lat' dir='ltr'><strong>junguntur</strong></span> <span class='ocrx_word' id='word_1_82' title='bbox 533 1049 664 1076; x_wconf 91' lang='lat' dir='ltr'><strong>ramus</strong></span> <span class='ocrx_word' id='word_1_83' title='bbox 695 1035 777 1075; x_wconf 88' lang='lat' dir='ltr'><strong>abit</strong></span> <span class='ocrx_word' id='word_1_84' title='bbox 817 1036 855 1075; x_wconf 92' lang='lat' dir='ltr'><strong>in</strong></span> <span class='ocrx_word' id='word_1_85' title='bbox 886 1037 1122 1076; x_wconf 88' lang='lat' dir='ltr'><strong>anteriorem</strong></span> <span class='ocrx_word' id='word_1_86' title='bbox 1151 1038 1304 1089; x_wconf 90' lang='lat' dir='ltr'><strong>partem</strong></span> <span class='ocrx_word' id='word_1_87' title='bbox 1340 1036 1464 1088; x_wconf 89' lang='lat' dir='ltr'><strong>palati</strong></span> <span class='ocrx_word' id='word_1_88' title='bbox 1493 1036 1584 1076; x_wconf 90' lang='lat' dir='ltr'><strong>alii—</strong></span> 
     </span>
     <span class='ocr_line' id='line_1_13' title="bbox 187 1106 1585 1160; baseline 0 -16"><span class='ocrx_word' id='word_1_89' title='bbox 187 1119 274 1160; x_wconf 87' lang='lat' dir='ltr'><strong>que</strong></span> <span class='ocrx_word' id='word_1_90' title='bbox 312 1109 452 1147; x_wconf 88' lang='lat' dir='ltr'><strong>tenues</strong></span> <span class='ocrx_word' id='word_1_91' title='bbox 493 1106 657 1145; x_wconf 89' lang='lat' dir='ltr'><strong>eandem</strong></span> <span class='ocrx_word' id='word_1_92' title='bbox 687 1106 981 1158; x_wconf 86' lang='lat' dir='ltr'><strong>persequuntur</strong></span> <span class='ocrx_word' id='word_1_93' title='bbox 1011 1107 1129 1146; x_wconf 88' lang='lat' dir='ltr'><strong>viam.</strong></span> <span class='ocrx_word' id='word_1_94' title='bbox 1189 1106 1398 1146; x_wconf 89' lang='lat' dir='ltr'><strong>Postremo</strong></span> <span class='ocrx_word' id='word_1_95' title='bbox 1436 1116 1585 1145; x_wconf 88' lang='lat' dir='ltr'><strong>nervus</strong></span> 
     </span>
     <span class='ocr_line' id='line_1_14' title="bbox 195 1173 1586 1232; baseline -0.001 -17"><span class='ocrx_word' id='word_1_96' title='bbox 195 1176 316 1215; x_wconf 84' lang='lat' dir='ltr'><strong>intrat</strong></span> <span class='ocrx_word' id='word_1_97' title='bbox 347 1177 385 1215; x_wconf 90' lang='lat' dir='ltr'><strong>in</strong></span> <span class='ocrx_word' id='word_1_98' title='bbox 424 1188 470 1215; x_wconf 90' lang='lat' dir='ltr'><strong>os</strong></span> <span class='ocrx_word' id='word_1_99' title='bbox 508 1173 820 1232; x_wconf 81' lang='lat' dir='ltr'><strong>intermaxillare</strong></span> <span class='ocrx_word' id='word_1_100' title='bbox 850 1174 967 1228; x_wconf 90' lang='lat' dir='ltr'><strong>inque</strong></span> <span class='ocrx_word' id='word_1_101' title='bbox 997 1174 1206 1214; x_wconf 85' lang='lat' dir='ltr'><strong>nonnullos</strong></span> <span class='ocrx_word' id='word_1_102' title='bbox 1247 1174 1461 1215; x_wconf 84' lang='lat' dir='ltr'><strong>distractus</strong></span> <span class='ocrx_word' id='word_1_103' title='bbox 1491 1186 1586 1214; x_wconf 89' lang='lat' dir='ltr'><strong>sur-</strong></span> 
     </span>
     <span class='ocr_line' id='line_1_15' title="bbox 197 1243 1370 1295; baseline -0.001 -11"><span class='ocrx_word' id='word_1_104' title='bbox 197 1244 307 1284; x_wconf 85' lang='lat' dir='ltr'><strong>culos</strong></span> <span class='ocrx_word' id='word_1_105' title='bbox 338 1243 451 1284; x_wconf 89' lang='lat' dir='ltr'><strong>finem</strong></span> <span class='ocrx_word' id='word_1_106' title='bbox 482 1245 587 1295; x_wconf 84' lang='lat' dir='ltr'><strong>capit</strong></span> <span class='ocrx_word' id='word_1_107' title='bbox 616 1244 719 1282; x_wconf 88' lang='lat' dir='ltr'><strong>inter</strong></span> <span class='ocrx_word' id='word_1_108' title='bbox 750 1255 796 1282; x_wconf 88' lang='lat' dir='ltr'><strong>os</strong></span> <span class='ocrx_word' id='word_1_109' title='bbox 829 1244 870 1283; x_wconf 90' lang='lat' dir='ltr'><strong>et</strong></span> <span class='ocrx_word' id='word_1_110' title='bbox 899 1244 1143 1294; x_wconf 85' lang='lat' dir='ltr'><strong>tegmentum</strong></span> <span class='ocrx_word' id='word_1_111' title='bbox 1174 1255 1370 1283; x_wconf 86' lang='lat' dir='ltr'><strong>corneum.</strong></span> 
     </span>
    </p>
   </div>
   <div class='ocr_carea' id='block_1_3' title="bbox 192 1347 1588 2025">
    <p class='ocr_par' dir='ltr' id='par_1_3' title="bbox 192 1347 1588 2025">
     <span class='ocr_line' id='line_1_16' title="bbox 335 1347 1586 1400; baseline -0.001 -13"><span class='ocrx_word' id='word_1_112' title='bbox 335 1347 520 1387; x_wconf 88' lang='lat' dir='ltr'><strong>Ramus</strong></span> <span class='ocrx_word' id='word_1_113' title='bbox 561 1347 857 1387; x_wconf 83' lang='lat' dir='ltr'><strong>maxillaris</strong></span> <span class='ocrx_word' id='word_1_114' title='bbox 899 1350 1150 1400; x_wconf 86' lang='lat' dir='ltr'><strong>superior</strong></span> <span class='ocrx_word' id='word_1_115' title='bbox 1199 1350 1330 1388; x_wconf 89' lang='lat' dir='ltr'><strong>cranio</strong></span> <span class='ocrx_word' id='word_1_116' title='bbox 1369 1348 1509 1388; x_wconf 85' lang='lat' dir='ltr'><strong>relicto</strong></span> <span class='ocrx_word' id='word_1_117' title='bbox 1547 1347 1586 1386; x_wconf 91' lang='lat' dir='ltr'><strong>in</strong></span> 
     </span>
     <span class='ocr_line' id='line_1_17' title="bbox 194 1416 1586 1468; baseline -0.001 -11"><span class='ocrx_word' id='word_1_118' title='bbox 194 1419 278 1457; x_wconf 89' lang='lat' dir='ltr'><strong>tres</strong></span> <span class='ocrx_word' id='word_1_119' title='bbox 320 1416 521 1456; x_wconf 85' lang='lat' dir='ltr'><strong>difinditnr</strong></span> <span class='ocrx_word' id='word_1_120' title='bbox 563 1416 760 1455; x_wconf 87' lang='lat' dir='ltr'><strong>surculos.</strong></span> <span class='ocrx_word' id='word_1_121' title='bbox 830 1416 984 1456; x_wconf 83' lang='lat' dir='ltr'><strong>Primus</strong></span> <span class='ocrx_word' id='word_1_122' title='bbox 1029 1429 1162 1456; x_wconf 85' lang='lat' dir='ltr'><strong>eorum</strong></span> <span class='ocrx_word' id='word_1_123' title='bbox 1202 1419 1405 1457; x_wconf 87' lang='lat' dir='ltr'><strong>externam</strong></span> <span class='ocrx_word' id='word_1_124' title='bbox 1443 1418 1586 1468; x_wconf 86' lang='lat' dir='ltr'><strong>petens</strong></span> 
     </span>
     <span class='ocr_line' id='line_1_18' title="bbox 193 1484 1588 1540; baseline -0.002 -14"><span class='ocrx_word' id='word_1_125' title='bbox 193 1488 346 1540; x_wconf 85' lang='lat' dir='ltr'><strong>partem</strong></span> <span class='ocrx_word' id='word_1_126' title='bbox 384 1484 564 1524; x_wconf 86' lang='lat' dir='ltr'><strong>ascendit</strong></span> <span class='ocrx_word' id='word_1_127' title='bbox 602 1484 651 1523; x_wconf 89' lang='lat' dir='ltr'><strong>ad</strong></span> <span class='ocrx_word' id='word_1_128' title='bbox 693 1485 923 1536; x_wconf 83' lang='lat' dir='ltr'><strong>palpebram</strong></span> <span class='ocrx_word' id='word_1_129' title='bbox 962 1487 1207 1536; x_wconf 86' lang='lat' dir='ltr'><strong>superiorem</strong></span> <span class='ocrx_word' id='word_1_130' title='bbox 1248 1487 1289 1525; x_wconf 90' lang='lat' dir='ltr'><strong>et</strong></span> <span class='ocrx_word' id='word_1_131' title='bbox 1327 1487 1453 1525; x_wconf 87' lang='lat' dir='ltr'><strong>cutem</strong></span> <span class='ocrx_word' id='word_1_132' title='bbox 1493 1486 1588 1536; x_wconf 86' lang='lat' dir='ltr'><strong>post</strong></span> 
     </span>
     <span class='ocr_line' id='line_1_19' title="bbox 195 1553 1586 1606; baseline -0.003 -10"><span class='ocrx_word' id='word_1_133' title='bbox 195 1555 349 1596; x_wconf 89' lang='lat' dir='ltr'><strong>oculum</strong></span> <span class='ocrx_word' id='word_1_134' title='bbox 384 1555 511 1594; x_wconf 87' lang='lat' dir='ltr'><strong>sitam.</strong></span> <span class='ocrx_word' id='word_1_135' title='bbox 571 1553 778 1593; x_wconf 83' lang='lat' dir='ltr'><strong>Secundus</strong></span> <span class='ocrx_word' id='word_1_136' title='bbox 810 1553 946 1593; x_wconf 85' lang='lat' dir='ltr'><strong>eadem</strong></span> <span class='ocrx_word' id='word_1_137' title='bbox 985 1554 1192 1606; x_wconf 87' lang='lat' dir='ltr'><strong>praeditus</strong></span> <span class='ocrx_word' id='word_1_138' title='bbox 1229 1553 1492 1594; x_wconf 82' lang='lat' dir='ltr'><strong>crassitudine</strong></span> <span class='ocrx_word' id='word_1_139' title='bbox 1522 1554 1586 1592; x_wconf 90' lang='lat' dir='ltr'><strong>in-</strong></span> 
     </span>
     <span class='ocr_line' id='line_1_20' title="bbox 192 1622 1584 1677; baseline -0.004 -12"><span class='ocrx_word' id='word_1_140' title='bbox 192 1625 254 1665; x_wconf 81' lang='lat' dir='ltr'><strong>fra</strong></span> <span class='ocrx_word' id='word_1_141' title='bbox 284 1624 538 1677; x_wconf 76' lang='lat' dir='ltr'><strong>periorbItam</strong></span> <span class='ocrx_word' id='word_1_142' title='bbox 568 1635 750 1674; x_wconf 86' lang='lat' dir='ltr'><strong>prorsum</strong></span> <span class='ocrx_word' id='word_1_143' title='bbox 778 1622 946 1662; x_wconf 88' lang='lat' dir='ltr'><strong>tendens</strong></span> <span class='ocrx_word' id='word_1_144' title='bbox 976 1623 1014 1662; x_wconf 91' lang='lat' dir='ltr'><strong>in</strong></span> <span class='ocrx_word' id='word_1_145' title='bbox 1046 1623 1146 1663; x_wconf 87' lang='lat' dir='ltr'><strong>duos</strong></span> <span class='ocrx_word' id='word_1_146' title='bbox 1177 1623 1368 1664; x_wconf 90' lang='lat' dir='ltr'><strong>dividitur</strong></span> <span class='ocrx_word' id='word_1_147' title='bbox 1397 1622 1584 1673; x_wconf 86' lang='lat' dir='ltr'><strong>ramulos,</strong></span> 
     </span>
     <span class='ocr_line' id='line_1_21' title="bbox 195 1690 1586 1747; baseline -0.002 -14"><span class='ocrx_word' id='word_1_148' title='bbox 195 1706 218 1733; x_wconf 93' lang='lat' dir='ltr'><strong>e</strong></span> <span class='ocrx_word' id='word_1_149' title='bbox 248 1693 390 1747; x_wconf 84' lang='lat' dir='ltr'><strong>quibus</strong></span> <span class='ocrx_word' id='word_1_150' title='bbox 420 1693 575 1731; x_wconf 83' lang='lat' dir='ltr'><strong>tenuior</strong></span> <span class='ocrx_word' id='word_1_151' title='bbox 607 1691 689 1730; x_wconf 86' lang='lat' dir='ltr'><strong>abit</strong></span> <span class='ocrx_word' id='word_1_152' title='bbox 721 1690 771 1730; x_wconf 90' lang='lat' dir='ltr'><strong>ad</strong></span> <span class='ocrx_word' id='word_1_153' title='bbox 801 1691 989 1741; x_wconf 83' lang='lat' dir='ltr'><strong>angulum</strong></span> <span class='ocrx_word' id='word_1_154' title='bbox 1019 1692 1100 1730; x_wconf 89' lang='lat' dir='ltr'><strong>oris</strong></span> <span class='ocrx_word' id='word_1_155' title='bbox 1132 1693 1312 1732; x_wconf 87' lang='lat' dir='ltr'><strong>surculos</strong></span> <span class='ocrx_word' id='word_1_156' title='bbox 1343 1693 1506 1744; x_wconf 86' lang='lat' dir='ltr'><strong>ejiciens</strong></span> <span class='ocrx_word' id='word_1_157' title='bbox 1536 1690 1586 1730; x_wconf 92' lang='lat' dir='ltr'><strong>ad</strong></span> 
     </span>
     <span class='ocr_line' id='line_1_22' title="bbox 194 1759 1585 1812; baseline -0.003 -9"><span class='ocrx_word' id='word_1_158' title='bbox 194 1762 453 1803; x_wconf 86' lang='lat' dir='ltr'><strong>membranam</strong></span> <span class='ocrx_word' id='word_1_159' title='bbox 484 1772 703 1809; x_wconf 81' lang='lat' dir='ltr'><strong>mucosam,</strong></span> <span class='ocrx_word' id='word_1_160' title='bbox 743 1770 844 1812; x_wconf 89' lang='lat' dir='ltr'><strong>quae</strong></span> <span class='ocrx_word' id='word_1_161' title='bbox 875 1759 952 1799; x_wconf 86' lang='lat' dir='ltr'><strong>sita</strong></span> <span class='ocrx_word' id='word_1_162' title='bbox 983 1761 1046 1798; x_wconf 88' lang='lat' dir='ltr'><strong>est</strong></span> <span class='ocrx_word' id='word_1_163' title='bbox 1076 1759 1126 1799; x_wconf 88' lang='lat' dir='ltr'><strong>ad</strong></span> <span class='ocrx_word' id='word_1_164' title='bbox 1156 1761 1372 1810; x_wconf 82' lang='lat' dir='ltr'><strong>marginem</strong></span> <span class='ocrx_word' id='word_1_165' title='bbox 1401 1759 1585 1800; x_wconf 85' lang='lat' dir='ltr'><strong>maxillae</strong></span> 
     </span>
     <span class='ocr_line' id='line_1_23' title="bbox 194 1828 1585 1885; baseline -0.004 -12"><span class='ocrx_word' id='word_1_166' title='bbox 194 1833 438 1885; x_wconf 77' lang='lat' dir='ltr'><strong>superioris3</strong></span> <span class='ocrx_word' id='word_1_167' title='bbox 469 1830 570 1869; x_wconf 88' lang='lat' dir='ltr'><strong>alter</strong></span> <span class='ocrx_word' id='word_1_168' title='bbox 601 1842 701 1869; x_wconf 89' lang='lat' dir='ltr'><strong>vero</strong></span> <span class='ocrx_word' id='word_1_169' title='bbox 732 1829 904 1868; x_wconf 85' lang='lat' dir='ltr'><strong>crassior</strong></span> <span class='ocrx_word' id='word_1_170' title='bbox 933 1829 971 1868; x_wconf 92' lang='lat' dir='ltr'><strong>in</strong></span> <span class='ocrx_word' id='word_1_171' title='bbox 998 1828 1119 1868; x_wconf 87' lang='lat' dir='ltr'><strong>multa</strong></span> <span class='ocrx_word' id='word_1_172' title='bbox 1150 1829 1362 1869; x_wconf 87' lang='lat' dir='ltr'><strong>distractus</strong></span> <span class='ocrx_word' id='word_1_173' title='bbox 1393 1828 1458 1868; x_wconf 88' lang='lat' dir='ltr'><strong>fila</strong></span> <span class='ocrx_word' id='word_1_174' title='bbox 1487 1840 1585 1880; x_wconf 88' lang='lat' dir='ltr'><strong>per-</strong></span> 
     </span>
     <span class='ocr_line' id='line_1_24' title="bbox 194 1897 1584 1952; baseline -0.004 -12"><span class='ocrx_word' id='word_1_175' title='bbox 194 1903 257 1952; x_wconf 87' lang='lat' dir='ltr'><strong>git</strong></span> <span class='ocrx_word' id='word_1_176' title='bbox 287 1901 337 1940; x_wconf 89' lang='lat' dir='ltr'><strong>ad</strong></span> <span class='ocrx_word' id='word_1_177' title='bbox 366 1899 553 1952; x_wconf 86' lang='lat' dir='ltr'><strong>palatum.</strong></span> <span class='ocrx_word' id='word_1_178' title='bbox 614 1898 779 1938; x_wconf 86' lang='lat' dir='ltr'><strong>Tertius</strong></span> <span class='ocrx_word' id='word_1_179' title='bbox 819 1897 988 1950; x_wconf 89' lang='lat' dir='ltr'><strong>denique</strong></span> <span class='ocrx_word' id='word_1_180' title='bbox 1027 1897 1208 1937; x_wconf 75' lang='lat' dir='ltr'><strong>sumulus</strong></span> <span class='ocrx_word' id='word_1_181' title='bbox 1240 1897 1452 1937; x_wconf 85' lang='lat' dir='ltr'><strong>musculum</strong></span> <span class='ocrx_word' id='word_1_182' title='bbox 1482 1899 1584 1936; x_wconf 86' lang='lat' dir='ltr'><strong>tem-</strong></span> 
     </span>
     <span class='ocr_line' id='line_1_25' title="bbox 193 1965 1582 2025; baseline -0.004 -15"><span class='ocrx_word' id='word_1_183' title='bbox 193 1970 371 2025; x_wconf 89' lang='lat' dir='ltr'><strong>poralem</strong></span> <span class='ocrx_word' id='word_1_184' title='bbox 404 1967 719 2019; x_wconf 81' lang='lat' dir='ltr'><strong>supergrediens</strong></span> <span class='ocrx_word' id='word_1_185' title='bbox 738 1966 912 2005; x_wconf 84' lang='lat' dir='ltr'><strong>deflectit</strong></span> <span class='ocrx_word' id='word_1_186' title='bbox 943 1965 993 2005; x_wconf 90' lang='lat' dir='ltr'><strong>ad</strong></span> <span class='ocrx_word' id='word_1_187' title='bbox 1023 1967 1149 2005; x_wconf 86' lang='lat' dir='ltr'><strong>cutem</strong></span> <span class='ocrx_word' id='word_1_188' title='bbox 1179 1968 1270 2006; x_wconf 87' lang='lat' dir='ltr'><strong>ante</strong></span> <span class='ocrx_word' id='word_1_189' title='bbox 1301 1978 1433 2006; x_wconf 86' lang='lat' dir='ltr'><strong>aurem</strong></span> <span class='ocrx_word' id='word_1_190' title='bbox 1455 1966 1582 2005; x_wconf 86' lang='lat' dir='ltr'><strong>sitam.</strong></span> 
     </span>
    </p>
   </div>
   <div class='ocr_carea' id='block_1_4' title="bbox 193 2068 1583 2605">
    <p class='ocr_par' dir='ltr' id='par_1_4' title="bbox 193 2068 1583 2605">
     <span class='ocr_line' id='line_1_26' title="bbox 333 2068 1583 2114; baseline -0.004 -1"><span class='ocrx_word' id='word_1_191' title='bbox 333 2074 517 2114; x_wconf 83' lang='lat' dir='ltr'><strong>Ramus</strong></span> <span class='ocrx_word' id='word_1_192' title='bbox 559 2071 858 2111; x_wconf 87' lang='lat' dir='ltr'><strong>maxillaris</strong></span> <span class='ocrx_word' id='word_1_193' title='bbox 896 2070 1120 2110; x_wconf 87' lang='lat' dir='ltr'><strong>inferior</strong></span> <span class='ocrx_word' id='word_1_194' title='bbox 1162 2071 1316 2109; x_wconf 88' lang='lat' dir='ltr'><strong>tenuem</strong></span> <span class='ocrx_word' id='word_1_195' title='bbox 1349 2081 1494 2109; x_wconf 87' lang='lat' dir='ltr'><strong>ramum</strong></span> <span class='ocrx_word' id='word_1_196' title='bbox 1532 2068 1583 2108; x_wconf 93' lang='lat' dir='ltr'><strong>ad</strong></span> 
     </span>
     <span class='ocr_line' id='line_1_27' title="bbox 193 2137 1583 2193; baseline -0.006 -8"><span class='ocrx_word' id='word_1_197' title='bbox 193 2143 406 2186; x_wconf 89' lang='lat' dir='ltr'><strong>musculum</strong></span> <span class='ocrx_word' id='word_1_198' title='bbox 436 2140 690 2192; x_wconf 84' lang='lat' dir='ltr'><strong>temporalem</strong></span> <span class='ocrx_word' id='word_1_199' title='bbox 723 2141 1035 2193; x_wconf 84' lang='lat' dir='ltr'><strong>crassioremque</strong></span> <span class='ocrx_word' id='word_1_200' title='bbox 1066 2139 1174 2190; x_wconf 86' lang='lat' dir='ltr'><strong>ejicit</strong></span> <span class='ocrx_word' id='word_1_201' title='bbox 1202 2138 1252 2178; x_wconf 86' lang='lat' dir='ltr'><strong>ad</strong></span> <span class='ocrx_word' id='word_1_202' title='bbox 1278 2137 1475 2178; x_wconf 86' lang='lat' dir='ltr'><strong>musculos</strong></span> <span class='ocrx_word' id='word_1_203' title='bbox 1506 2150 1583 2189; x_wconf 88' lang='lat' dir='ltr'><strong>pa-</strong></span> 
     </span>
     <span class='ocr_line' id='line_1_28' title="bbox 193 2207 1582 2260; baseline -0.006 -6"><span class='ocrx_word' id='word_1_204' title='bbox 193 2214 278 2254; x_wconf 86' lang='lat' dir='ltr'><strong>lati.</strong></span> <span class='ocrx_word' id='word_1_205' title='bbox 336 2210 460 2251; x_wconf 87' lang='lat' dir='ltr'><strong>Paulo</strong></span> <span class='ocrx_word' id='word_1_206' title='bbox 491 2210 585 2260; x_wconf 83' lang='lat' dir='ltr'><strong>post</strong></span> <span class='ocrx_word' id='word_1_207' title='bbox 615 2208 795 2249; x_wconf 83' lang='lat' dir='ltr'><strong>surculus</strong></span> <span class='ocrx_word' id='word_1_208' title='bbox 826 2210 934 2248; x_wconf 87' lang='lat' dir='ltr'><strong>recta</strong></span> <span class='ocrx_word' id='word_1_209' title='bbox 976 2208 1044 2247; x_wconf 87' lang='lat' dir='ltr'><strong>via</strong></span> <span class='ocrx_word' id='word_1_210' title='bbox 1076 2207 1337 2259; x_wconf 85' lang='lat' dir='ltr'><strong>progreditur</strong></span> <span class='ocrx_word' id='word_1_211' title='bbox 1368 2207 1418 2245; x_wconf 89' lang='lat' dir='ltr'><strong>ad</strong></span> <span class='ocrx_word' id='word_1_212' title='bbox 1447 2218 1582 2256; x_wconf 87' lang='lat' dir='ltr'><strong>angu-</strong></span> 
     </span>
     <span class='ocr_line' id='line_1_29' title="bbox 194 2274 1582 2323; baseline -0.008 0"><span class='ocrx_word' id='word_1_213' title='bbox 194 2283 271 2323; x_wconf 92' lang='lat' dir='ltr'><strong>lum</strong></span> <span class='ocrx_word' id='word_1_214' title='bbox 303 2281 398 2321; x_wconf 89' lang='lat' dir='ltr'><strong>oris.</strong></span> <span class='ocrx_word' id='word_1_215' title='bbox 457 2277 613 2318; x_wconf 88' lang='lat' dir='ltr'><strong>Deinde</strong></span> <span class='ocrx_word' id='word_1_216' title='bbox 642 2288 792 2316; x_wconf 86' lang='lat' dir='ltr'><strong>nervus</strong></span> <span class='ocrx_word' id='word_1_217' title='bbox 833 2276 984 2316; x_wconf 84' lang='lat' dir='ltr'><strong>accedit</strong></span> <span class='ocrx_word' id='word_1_218' title='bbox 1014 2276 1062 2315; x_wconf 87' lang='lat' dir='ltr'><strong>ad</strong></span> <span class='ocrx_word' id='word_1_219' title='bbox 1103 2276 1268 2314; x_wconf 90' lang='lat' dir='ltr'><strong>interius</strong></span> <span class='ocrx_word' id='word_1_220' title='bbox 1302 2275 1406 2313; x_wconf 87' lang='lat' dir='ltr'><strong>ossis</strong></span> <span class='ocrx_word' id='word_1_221' title='bbox 1436 2274 1582 2313; x_wconf 83' lang='lat' dir='ltr'><strong>maxil-</strong></span> 
     </span>
     <span class='ocr_line' id='line_1_30' title="bbox 194 2342 1579 2399; baseline -0.007 -8"><span class='ocrx_word' id='word_1_222' title='bbox 194 2351 290 2391; x_wconf 86' lang='lat' dir='ltr'><strong>laris</strong></span> <span class='ocrx_word' id='word_1_223' title='bbox 321 2347 520 2389; x_wconf 84' lang='lat' dir='ltr'><strong>inferioris</strong></span> <span class='ocrx_word' id='word_1_224' title='bbox 551 2345 679 2397; x_wconf 78' lang='lat' dir='ltr'><strong>latus,</strong></span> <span class='ocrx_word' id='word_1_225' title='bbox 710 2346 844 2399; x_wconf 87' lang='lat' dir='ltr'><strong>ibique</strong></span> <span class='ocrx_word' id='word_1_226' title='bbox 874 2358 1018 2385; x_wconf 91' lang='lat' dir='ltr'><strong>ramum</strong></span> <span class='ocrx_word' id='word_1_227' title='bbox 1049 2345 1191 2384; x_wconf 86' lang='lat' dir='ltr'><strong>emittit</strong></span> <span class='ocrx_word' id='word_1_228' title='bbox 1221 2344 1287 2397; x_wconf 91' lang='lat' dir='ltr'><strong>qui</strong></span> <span class='ocrx_word' id='word_1_229' title='bbox 1317 2355 1364 2382; x_wconf 89' lang='lat' dir='ltr'><strong>os</strong></span> <span class='ocrx_word' id='word_1_230' title='bbox 1395 2342 1579 2382; x_wconf 89' lang='lat' dir='ltr'><strong>deorsum</strong></span> 
     </span>
     <span class='ocr_line' id='line_1_31' title="bbox 195 2412 1581 2472; baseline -0.006 -13"><span class='ocrx_word' id='word_1_231' title='bbox 195 2420 405 2472; x_wconf 85' lang='lat' dir='ltr'><strong>perforans</strong></span> <span class='ocrx_word' id='word_1_232' title='bbox 435 2415 578 2456; x_wconf 81' lang='lat' dir='ltr'><strong>transit</strong></span> <span class='ocrx_word' id='word_1_233' title='bbox 607 2414 658 2454; x_wconf 87' lang='lat' dir='ltr'><strong>ad</strong></span> <span class='ocrx_word' id='word_1_234' title='bbox 690 2415 814 2454; x_wconf 83' lang='lat' dir='ltr'><strong>cutem</strong></span> <span class='ocrx_word' id='word_1_235' title='bbox 846 2413 1038 2464; x_wconf 85' lang='lat' dir='ltr'><strong>gutturis.</strong></span> <span class='ocrx_word' id='word_1_236' title='bbox 1096 2412 1247 2452; x_wconf 87' lang='lat' dir='ltr'><strong>Postea</strong></span> <span class='ocrx_word' id='word_1_237' title='bbox 1275 2423 1423 2451; x_wconf 85' lang='lat' dir='ltr'><strong>nervus</strong></span> <span class='ocrx_word' id='word_1_238' title='bbox 1451 2423 1581 2463; x_wconf 87' lang='lat' dir='ltr'><strong>pene-</strong></span> 
     </span>
     <span class='ocr_line' id='line_1_32' title="bbox 196 2480 1580 2535; baseline -0.007 -7"><span class='ocrx_word' id='word_1_239' title='bbox 196 2489 277 2528; x_wconf 89' lang='lat' dir='ltr'><strong>trat</strong></span> <span class='ocrx_word' id='word_1_240' title='bbox 305 2488 344 2526; x_wconf 87' lang='lat' dir='ltr'><strong>in</strong></span> <span class='ocrx_word' id='word_1_241' title='bbox 375 2484 546 2526; x_wconf 85' lang='lat' dir='ltr'><strong>canalem</strong></span> <span class='ocrx_word' id='word_1_242' title='bbox 578 2495 754 2535; x_wconf 85' lang='lat' dir='ltr'><strong>osseum,</strong></span> <span class='ocrx_word' id='word_1_243' title='bbox 796 2482 863 2522; x_wconf 91' lang='lat' dir='ltr'><strong>ubi</strong></span> <span class='ocrx_word' id='word_1_244' title='bbox 890 2493 1035 2521; x_wconf 90' lang='lat' dir='ltr'><strong>ramum</strong></span> <span class='ocrx_word' id='word_1_245' title='bbox 1068 2481 1249 2532; x_wconf 85' lang='lat' dir='ltr'><strong>dimittit,</strong></span> <span class='ocrx_word' id='word_1_246' title='bbox 1282 2481 1348 2533; x_wconf 92' lang='lat' dir='ltr'><strong>qui</strong></span> <span class='ocrx_word' id='word_1_247' title='bbox 1385 2480 1424 2519; x_wconf 90' lang='lat' dir='ltr'><strong>in</strong></span> <span class='ocrx_word' id='word_1_248' title='bbox 1454 2491 1580 2532; x_wconf 89' lang='lat' dir='ltr'><strong>pecu-</strong></span> 
     </span>
     <span class='ocr_line' id='line_1_33' title="bbox 196 2547 1580 2605; baseline -0.006 -10"><span class='ocrx_word' id='word_1_249' title='bbox 196 2555 285 2596; x_wconf 91' lang='lat' dir='ltr'><strong>liari</strong></span> <span class='ocrx_word' id='word_1_250' title='bbox 315 2553 448 2594; x_wconf 86' lang='lat' dir='ltr'><strong>canale</strong></span> <span class='ocrx_word' id='word_1_251' title='bbox 488 2564 611 2605; x_wconf 82' lang='lat' dir='ltr'><strong>supra</strong></span> <span class='ocrx_word' id='word_1_252' title='bbox 650 2552 821 2604; x_wconf 88' lang='lat' dir='ltr'><strong>priorem</strong></span> <span class='ocrx_word' id='word_1_253' title='bbox 863 2551 941 2591; x_wconf 87' lang='lat' dir='ltr'><strong>sito</strong></span> <span class='ocrx_word' id='word_1_254' title='bbox 971 2562 1152 2602; x_wconf 87' lang='lat' dir='ltr'><strong>prorsum</strong></span> <span class='ocrx_word' id='word_1_255' title='bbox 1192 2548 1319 2590; x_wconf 88' lang='lat' dir='ltr'><strong>tendit</strong></span> <span class='ocrx_word' id='word_1_256' title='bbox 1356 2547 1421 2588; x_wconf 88' lang='lat' dir='ltr'><strong>fila</strong></span> <span class='ocrx_word' id='word_1_257' title='bbox 1459 2550 1500 2588; x_wconf 88' lang='lat' dir='ltr'><strong>et</strong></span> <span class='ocrx_word' id='word_1_258' title='bbox 1529 2547 1580 2588; x_wconf 90' lang='lat' dir='ltr'><strong>ad</strong></span> 
     </span>
    </p>
   </div>
   <div class='ocr_carea' id='block_1_5' title="bbox 200 2616 1577 2719">
    <p class='ocr_par' dir='ltr' id='par_1_5' title="bbox 200 2616 1577 2719">
     <span class='ocr_line' id='line_1_34' title="bbox 200 2616 1577 2672; baseline -0.006 -8"><span class='ocrx_word' id='word_1_259' title='bbox 200 2623 454 2665; x_wconf 83' lang='lat' dir='ltr'><strong>membranam</strong></span> <span class='ocrx_word' id='word_1_260' title='bbox 487 2632 681 2661; x_wconf 79' lang='lat' dir='ltr'><strong>mue-osam</strong></span> <span class='ocrx_word' id='word_1_261' title='bbox 713 2622 751 2661; x_wconf 86' lang='lat' dir='ltr'><strong>et</strong></span> <span class='ocrx_word' id='word_1_262' title='bbox 783 2618 830 2660; x_wconf 89' lang='lat' dir='ltr'><strong>ad</strong></span> <span class='ocrx_word' id='word_1_263' title='bbox 852 2619 1067 2672; x_wconf 85' lang='lat' dir='ltr'><strong>marginem</strong></span> <span class='ocrx_word' id='word_1_264' title='bbox 1086 2616 1331 2660; x_wconf 86' lang='lat' dir='ltr'><strong>mandibulae</strong></span> <span class='ocrx_word' id='word_1_265' title='bbox 1362 2616 1577 2671; x_wconf 81' lang='lat' dir='ltr'><strong>disjiciens.</strong></span> 
     </span>
     <span class='ocr_line' id='line_1_35' title="bbox 229 2687 259 2719; baseline 0 0"><span class='ocrx_word' id='word_1_266' title='bbox 229 2687 259 2719; x_wconf 72' lang='grc' dir='ltr'><strong><em>ο</em></strong></span> 
     </span>
    </p>
   </div>
  </div>
 </body>
</html>
