1732 3014
895 280 952 322 lo

230 399 354 447 iungit
397 411 463 447 os,
519 398 619 437 unde
660 398 825 437 demittit
868 411 1009 438 rammn
1050 399 1229 439 deorsum
1272 401 1504 450 vergentem
1538 402 1602 454 qui

231 467 361 516 paullo
392 470 485 518 post
524 468 559 505 in
600 469 681 505 tres
721 467 908 506 scinditur
947 468 1148 519 surculos,
1190 470 1253 522 qui
1296 468 1604 520 progrediuntur

229 535 278 573 ad
308 535 562 574 membranam
602 535 918 585 cartilaginosam
960 538 999 575 et
1031 536 1250 576 denticulos
1289 549 1454 576 corneos
1484 537 1604 588 palati

229 605 268 641 et
307 603 490 642 maxillae
536 605 767 655 superioris.
838 603 937 643 Tum
980 616 1076 643 vero
1116 617 1262 645 nervus
1302 607 1443 645 transit
1481 607 1518 645 in
1559 617 1603 644 os

229 671 370 722 palati,
401 684 622 726 ramumque
643 672 821 723 dimittit,
855 674 919 726 qui
950 673 986 711 in
1019 672 1152 712 canale
1183 686 1300 713 osseo
1332 677 1482 726 partem
1513 676 1602 714 ten-

227 739 285 778 dit
314 742 538 791 externam,
578 741 694 794 inque
725 741 825 780 duos
864 741 1018 780 divisus
1057 741 1236 781 surculos
1276 743 1312 781 in
1348 742 1603 782 membranam

226 819 376 848 ceream
407 809 507 848 infra
537 811 578 848 et
606 812 700 860 post
729 821 845 848 nares
871 810 984 849 sitam
1015 811 1183 861 aufugit.
1242 811 1448 850 Postremo
1478 811 1603 850 autem

223 889 371 916 nervus
413 879 448 916 in
488 880 661 917 tenacem
707 879 828 929 palati
871 878 1127 919 membranam
1168 879 1286 920 multa
1327 879 1391 919 fila
1434 879 1603 929 dimittit,

224 958 324 998 quae
355 947 393 984 in
424 946 584 985 eandem
616 947 774 985 abeunt.

361 1013 544 1053 Ramus
582 1015 876 1069 maxillaris
916 1015 1137 1054 inferior
1179 1027 1200 1054 e
1234 1016 1363 1054 cranIo
1403 1014 1505 1054 infra
1534 1025 1602 1053 ra-

223 1094 321 1121 mum
359 1083 599 1122 maxillarem
630 1084 873 1135 superiorem
912 1083 1093 1134 procedit
1120 1095 1290 1136 moxque
1321 1096 1465 1123 ramum
1496 1083 1603 1134 ejicit

221 1162 402 1200 prorsum
434 1154 683 1203 vergentem,
714 1153 778 1206 qui
807 1153 844 1190 in
874 1152 1086 1191 musculum
1116 1152 1382 1203 temporalem,
1414 1152 1601 1192 alterum-

219 1230 297 1270 que
326 1219 538 1271 internum,
580 1221 644 1273 qui
675 1221 713 1259 in
741 1220 953 1259 musculum
984 1220 1398 1259 orbito-maxillarem
1429 1222 1469 1260 et
1502 1232 1601 1272 qua-

219 1286 619 1327 drato-maxillarem
651 1285 1015 1341 [Tiedemann]
1048 1283 1212 1327 invadit.
1272 1288 1425 1327 Deinde
1446 1288 1603 1327 dimittit

219 1356 436 1408 surculum,
469 1358 534 1409 qui
564 1357 666 1396 inter
696 1357 907 1396 musculum
937 1357 1190 1408 temporalem
1223 1359 1262 1396 et
1284 1355 1624 1396 01·b1to-n1axil-.

219 1424 338 1463 larem
368 1425 531 1464 anticam
568 1425 670 1476 petit
699 1428 849 1475 partem
879 1424 1020 1477 filaque
1052 1427 1089 1463 in
1121 1424 1375 1464 membranam
1406 1437 1600 1464 mucosam

217 1492 267 1531 ad
297 1492 482 1543 angulum
512 1493 593 1531 oris
624 1493 736 1531 sitam
766 1493 995 1532 transducit.
1056 1493 1215 1531 Nervus
1237 1493 1326 1532 inde
1358 1506 1403 1532 os
1427 1493 1599 1546 quadra-
1640 1504 1642 1506 ·

217 1563 295 1600 tum
316 1563 356 1600 et
372 1561 584 1600 musculum
605 1561 1002 1600 orbito-maxillarem
1020 1561 1320 1610 transgrediens
1339 1561 1388 1600 ad
1405 1561 1600 1600 maxillam

217 1629 441 1668 inferiorem
462 1641 506 1668 se
531 1630 697 1680 confert,
718 1629 850 1681 ibique
870 1629 969 1669 duos
989 1630 1097 1680 ejicit
1118 1630 1295 1669 surculos
1317 1629 1453 1668 eodem
1471 1640 1599 1681 paene

216 1696 328 1747 loco,
362 1709 523 1749 quorum
552 1698 660 1748 prior
690 1697 886 1736 maxillam
917 1698 1138 1736 inferiorem
1168 1698 1376 1748 perforans
1408 1699 1447 1736 in
1476 1709 1596 1736 mem-

216 1765 375 1804 branam
405 1776 555 1804 ceream
583 1766 758 1814 gutturis
780 1764 844 1803 fila
863 1764 1022 1804 inducit.
1068 1764 1188 1804 Alter
1217 1777 1289 1816 per
1319 1779 1364 1804 os
1396 1762 1596 1805 externam

216 1835 317 1885 petit
346 1835 496 1884 partem
534 1833 676 1885 filaque
708 1833 908 1884 dispergit
939 1833 975 1871 in
1016 1835 1139 1871 cutem
1169 1836 1263 1884 post
1293 1833 1478 1883 angulum
1517 1835 1596 1872 oris

216 1903 329 1942 sitam
379 1903 418 1940 et
456 1903 493 1940 in
534 1902 790 1957 membranam
833 1913 982 1940 ceream
1026 1902 1284 1941 mandibulae.
1359 1901 1459 1940 Tum
1496 1913 1595 1941 vero

216 1982 363 2010 nervus
403 1971 440 2008 in
480 1970 603 2020 ipsam
627 1956 838 2008 'maxillam
879 1970 1101 2027 interiorem
1137 1972 1339 2022 penetrat,
1389 1971 1595 2010 nonnullos

215 2038 395 2077 surculos
415 2039 548 2080 rmittit
578 2038 627 2077 ad
663 2039 910 2089 posteriores
943 2039 1029 2089 ejus
1059 2038 1301 2089 denticulos,
1343 2051 1503 2091 quorum
1532 2038 1594 2078 fila

215 2108 253 2146 in
301 2107 511 2145 interstitio
561 2107 662 2145 inter
711 2105 825 2145 binos
877 2106 1014 2145 dentes
1063 2106 1188 2145 adhuc
1237 2107 1414 2146 invenire
1461 2110 1592 2158 potes.

214 2175 430 2213 Praeterea
458 2174 700 2224 persubtiles
729 2174 935 2214 nonnullos
972 2174 1141 2213 ramulos
1173 2174 1318 2213 inducit
1350 2175 1593 2215 membranae

216 2253 354 2281 cereae
407 2244 523 2294 atque
578 2242 778 2280 admodum
829 2254 1000 2280 erassum
1059 2242 1263 2281 denticulis
1316 2243 1590 2282 anterioribus.

216 2309 330 2365 Quod
359 2309 549 2361 reliquum
580 2311 643 2348 est
671 2310 709 2348 in
741 2322 833 2348 osse
870 2322 1049 2360 prorsum
1080 2311 1216 2359 vergit
1253 2312 1370 2362 atque
1401 2312 1439 2349 in
1479 2313 1590 2362 apice

213 2379 333 2418 rostri
371 2379 409 2417 in
439 2377 581 2416 multos
612 2377 836 2416 diffunditur
872 2379 1073 2429 surculos,
1115 2391 1274 2431 quorum
1314 2378 1425 2417 alteri
1462 2379 1589 2418 intro-

216 2448 307 2484 cunt
342 2447 442 2485 inter
472 2448 713 2496 tegmentum
745 2458 922 2485 corneum
953 2449 993 2486 et
1029 2460 1096 2497 os,
1137 2447 1250 2487 alteri
1280 2458 1436 2486 numero
1468 2446 1588 2487 multo

214 2514 383 2564 majores
422 2514 730 2565 progrediuntur
769 2515 804 2564 in
837 2515 987 2564 spicula
1025 2516 1092 2554 illa
1121 2515 1280 2555 subtilia
1317 2515 1355 2554 in
1391 2516 1587 2556 anteriore

215 2580 457 2621 mandibulae
488 2584 601 2633 parte
633 2582 883 2621 accumulata.
