1732 3014
912 330 970 372 18

250 459 390 507 petens
431 457 582 506 partem
619 453 734 504 inque
775 450 973 502 complura
1019 449 1084 489 fila
1114 448 1273 489 ditissus
1312 449 1352 489 in
1380 446 1637 490 membranam

251 523 373 577 palati
406 520 713 573 transgreditur.
1530 528 1532 530 v

390 603 570 643 Ramus
603 599 900 641 maxillaris
932 598 1162 638 inferior
1195 598 1294 637 duos
1320 597 1497 650 ejusdem
1527 607 1639 635 oras-

253 672 438 713 situdinis
477 671 635 711 dimittit
674 681 826 719 ramos,
876 680 989 707 unum
1029 667 1081 706 ad
1118 667 1329 706 musculum
1370 665 1639 718 temporalem,

255 743 420 782 alterum
451 740 502 780 ad
533 738 730 779 musculos
761 737 897 789 palati.
957 736 1112 775 Deinde
1157 748 1338 787 prorsum
1381 736 1641 787 deorsumque

255 811 394 862 pergit
434 808 618 848 ramulum
658 806 714 846 ad*
747 805 1010 858 posteriorem
1048 808 1199 856 partem
1222 806 1401 857 „mittens
1447 805 1486 843 in
1517 804 1642 842 cutem

258 882 347 918 ante
375 889 507 917 aurem
540 877 676 927 sitam,
708 876 785 914 tum
817 874 931 913 alium
961 886 1141 925 prorsum
1172 876 1406 924 vergentem
1437 873 1487 912 ad
1518 872 1644 911 eutem

258 946 443 985 maxillae
482 945 703 994 inferioris,
745 955 768 982 a
798 943 939 995 quihus
973 942 1125 980 duobus
1156 942 1314 981 ramulis
1343 940 1565 980 mandibula
1594 939 1645 979 ad

258 1018 460 1054 externam
494 1025 638 1052 versus
668 1014 820 1063 partem
849 1012 1090 1063 perforatur.
1148 1010 1248 1049 Tum
1279 1011 1510 1050 crassiorem
1538 1008 1645 1060 ejicit

257 1083 477 1132 surculum,
517 1083 581 1135 qui
627 1081 810 1120 deorsum
851 1092 923 1131 per
952 1079 1147 1118 maxillam
1179 1079 1401 1118 inferiorem
1433 1069 1646 1128 transgre-

257 1154 366 1191 ditur
397 1152 445 1190 ad
478 1154 602 1190 cirtem
635 1150 826 1199 gutturis.
885 1149 1092 1187 Postremo
1137 1160 1231 1187 vero
1263 1160 1411 1187 nervus
1441 1148 1480 1186 in
1512 1146 1645 1186 canale

261 1234 381 1259 osseo
414 1232 593 1270 prorsum
625 1230 801 1269 vergens
830 1217 1015 1257 nonnulla
1058 1216 1121 1256 fila
1153 1217 1353 1256 distribuit
1382 1217 1419 1255 in
1450 1215 1646 1255 membra-

256 1301 346 1326 nam
378 1300 571 1328 mueosam
603 1287 786 1325 maxillae
818 1287 1015 1325 inferioris
1037 1287 1153 1338 inque
1176 1288 1352 1325 extrema
1383 1285 1503 1323 rostri
1532 1285 1646 1334 parte

265 1358 300 1394 in
334 1355 515 1395 nonnulla
536 1356 672 1395 brevia
693 1356 910 1406 dissipatus
930 1354 994 1393 fila
1015 1353 1144 1394 finitur
1164 1354 1236 1394 sub
1257 1355 1461 1404 tegmento
1486 1363 1645 1393 corneo.

888 1698 1027 1706 ——nn-—a

438 1601 1040 1656 ORSERVATIO
1124 1601 1489 1669 QVINTA.

641 1786 681 1816 3.
728 1785 871 1822 AVES
906 1785 1277 1825 TERRESTRES.

522 1902 927 1974 Meleagris
988 1903 1395 1976 gallopaVO.

407 2001 443 2039 N
455 2013 475 2039 e
489 2013 507 2040 r
519 2013 544 2038 v
560 2013 582 2039 u
596 2013 615 2039 s
654 2014 680 2039 v
693 2012 714 2039 a
726 2013 756 2050 g
768 2014 789 2039 u
807 2013 825 2037 s
866 2013 972 2040 ramo
1011 2000 1145 2040 valido
1189 2001 1360 2040 demisso
1398 2000 1447 2040 ad
1485 2011 1648 2040 nervum

270 2068 690 2120 glossopharyngeum
723 2069 773 2108 ad
802 2071 941 2121 peetus
973 2069 1191 2109 descendit.

408 2149 611 2188 Nervus
642 2150 1179 2201 glossopharyngeus
1199 2151 1294 2200 post
1321 2149 1507 2199 angulum
1532 2161 1647 2188 max·-

271 2214 361 2254 illae
391 2216 588 2257 inferioris
618 2218 803 2271 relinquit
826 2219 993 2258 cranium
1026 2231 1071 2258 ac
1099 2231 1191 2257 mox
1213 2218 1382 2267 ganglio
1402 2229 1539 2257 carens
1571 2229 1649 2257 ex—

273 2284 368 2334 cipit
406 2296 578 2325 crassum
616 2287 728 2326 nervi
770 2287 866 2335 vagi
914 2299 1071 2326 ramum.
1131 2287 1231 2326 Tum
1272 2285 1445 2325 deflectit
1477 2284 1648 2324 ramulos

273 2351 395 2403 duos,
438 2366 599 2406 quorum
637 2354 737 2393 alter
775 2355 825 2394 ad
863 2356 1074 2395 musculum
1118 2356 1289 2395 conicum
1327 2354 1431 2393 ossis
1471 2353 1647 2405 hyoidei‚

272 2420 371 2460 aiter
411 2422 460 2461 ad
495 2422 744 2474 pharyngem
783 2435 828 2462 se
859 2424 1024 2463 confert.
1081 2423 1236 2462 Deinde
1281 2434 1439 2461 crassus
1470 2434 1492 2461 e
1523 2434 1648 2461 nervo

272 2487 654 2542 glossopharyngeo
678 2492 901 2542 digreditur
931 2505 1058 2532 ramus
1089 2493 1154 2545 qui
1184 2504 1364 2543 prorsum
1389 2503 1567 2542 vergens
1598 2490 1649 2530 ad

272 2553 480 2607 laryngem
518 2558 582 2599 fila
609 2561 778 2612 praebet
805 2561 1049 2601 membranae
1079 2572 1259 2600 mucosae
1296 2560 1440 2599 radicis
1470 2560 1646 2611 linguae,

275 2622 439 2675 indeque
479 2639 630 2668 sursum
671 2640 814 2670 versus
853 2630 1074 2681 ingredItur
1115 2629 1152 2667 in
1189 2629 1350 2679 linguae
1389 2628 1645 2680 superficiem,

275 2690 351 2730 ubi.
385 2693 417 2729 in
452 2695 564 2732 muita
597 2697 823 2738 distrahitur
853 2697 927 2736 tila.
990 2696 1101 2750 Quod
1131 2699 1242 2738 nervi
1275 2696 1644 2748 glossopharyngei
