1732 3014
822 262 882 307 27

162 386 369 428 Postremo
402 396 549 425 nervus
580 385 713 424 tenuia
745 383 809 423 fila
828 383 975 434 passim
1009 382 1251 435 dispergens
1281 383 1319 422 in
1351 384 1544 425 membra-

161 468 248 496 nam
277 466 470 495 muoosam
499 453 680 505 procedit
716 453 754 491 in
787 452 935 503 apicem
965 453 1108 504 rostri,
1150 452 1215 492 ubi
1255 453 1292 492 in
1326 465 1450 504 pauca
1480 453 1546 494 fila

164 524 376 566 distractus
408 522 536 562 finitur
566 521 639 560 suh
671 522 876 570 tegmento
910 531 1067 559 corneo.

380 774 984 833 OBSERVAJQO
1065 776 1334 834 NONA.

788 884 926 891 ——-.

530 984 577 1018 80
630 984 780 1023 AVES
820 982 1185 1025 PASSERINAE.

453 1099 813 1156 Oriolus
892 1102 1276 1173 galbula

303 1209 515 1249 Nervus
554 1223 726 1260 vagus
766 1223 910 1250 ramum
951 1224 1126 1250 crassum
1165 1211 1339 1250 deflectit
1378 1211 1426 1250 ad
1457 1224 1553 1252 ner-

164 1291 256 1318 vum
287 1268 783 1329 glossopharyngeumet
810 1282 954 1330 postea
985 1280 1035 1319 ad
1065 1282 1206 1331 pectus
1238 1281 1455 1320 descendit.

299 1347 501 1387 Nervus
541 1346 1096 1400 glossopliaryngeus
1128 1351 1258 1388 cranio
1291 1351 1428 1390 relicto
1460 1363 1554 1391 mox

160 1429 327 1468 parvum
365 1416 485 1456 efficit
523 1415 720 1465 ganglion
759 1417 866 1469 quod
909 1430 1054 1456 ramum
1094 1419 1207 1457 nervi
1248 1421 1346 1469 vagi
1388 1421 1552 1471 excipit.

161 1484 317 1524 Deinde
356 1485 394 1524 in
426 1484 525 1523 duos
565 1483 723 1523 finditur
762 1497 892 1525 ramos
932 1499 1095 1539 quorum
1134 1488 1296 1527 inferior
1332 1489 1371 1527 in
1409 1489 1554 1529 multos

163 1553 376 1594 distractus
406 1552 586 1592 surculos
629 1553 757 1593 tendit
795 1554 844 1593 ad
878 1554 1167 1606 oesophagum.
1230 1556 1424 1608 Superior
1454 1571 1554 1598 vero

161 1634 291 1661 ramus
323 1622 586 1674 progreditur
624 1622 699 1661 suh
741 1625 1003 1674 posteriorem
1044 1637 1163 1664 cornu
1195 1624 1357 1676 linguae
1388 1629 1554 1679 partem,

162 1691 230 1730 uhi
261 1691 456 1730 surculum
489 1692 610 1742 ejicit,
642 1692 707 1744 qui
738 1691 820 1731 filis·
842 1693 1066 1744 digreditur
1092 1695 1129 1734 in
1161 1696 1358 1736 musculos
1381 1698 1446 1750 qui
1476 1697 1556 1736 lin-

163 1774 284 1812 guam
315 1761 528 1812 projiciunt
558 1759 856 1813 retrahuntque.
917 1762 1072 1803 Deinde
1104 1776 1252 1804 nervus
1283 1766 1331 1804 ab
1353 1765 1556 1805 exteriore

163 1831 277 1881 parte
309 1829 551 1880 amplectens
585 1840 703 1868 cornu
735 1829 897 1880 linguae
930 1832 1112 1871 deorsum
1142 1826 1301 1885 vergit,
1333 1835 1450 1888 inque
1480 1835 1556 1874 hoc

164 1901 305 1939 itinere
338 1910 420 1936 cum
452 1909 576 1936 nervo
607 1896 865 1949 hypoglosso
909 1901 1141 1951 conjunctus
1171 1903 1380 1942 nonnullos
1415 1907 1555 1944 tenues

165 1967 346 2007 surculos
377 1966 495 2004 mittit
526 1965 575 2004 ad
609 1967 867 2006 membranam
907 1981 1103 2008 mucosam
1127 1971 1247 2021 juxta
1275 1972 1407 2011 rimam
1439 1974 1556 2024 glot-

162 2037 272 2076 tidis.
330 2035 397 2074 Ad
438 2035 666 2074 tenuitatem
706 2036 876 2090 denique
916 2049 1174 2089 permagnam
1214 2040 1398 2081 redactus
1440 2042 1553 2082 finem

164 2106 269 2157 capit
301 2106 338 2144 in
369 2103 577 2155 superficie
607 2104 783 2154 linguae.

303 2173 507 2212 Nervus
538 2172 909 2225 hypoglossus
940 2187 962 2215 a
991 2188 1117 2216 nervo
1147 2189 1258 2227 vago
1291 2190 1375 2218 eum
1400 2183 1555 2231 'super-

164 2242 356 2293 grediens
393 2244 586 2293 pertenue
620 2244 771 2295 excipit
813 2244 930 2283 filum.
992 2244 1093 2284 Tum
1125 2259 1245 2297 supra
1280 2247 1555 2299 oesophagum
1606 2254 1612 2257 “

167 2311 295 2351 tendit
325 2311 375 2350 ad
405 2310 625 2362 trachearn,
664 2312 730 2351 uhi
770 2314 807 2351 in
840 2313 939 2352 duos
977 2326 1107 2354 ramos
1139 2315 1352 2367 dividitur,
1392 2329 1554 2368 quorum

168 2379 269 2419 alter
318 2381 490 2419 crassior
542 2379 724 2419 deorsum
772 2382 809 2420 in
856 2382 1070 2422 musculum
1118 2384 1555 2426 furcula—trachealem

168 2449 311 2488 transit
349 2448 452 2488 unde
495 2447 679 2488 tracheae
726 2448 790 2488 fila
830 2451 1018 2501 porrigit.
1094 2450 1214 2492 Alter
1252 2465 1352 2493 vero
1399 2466 1553 2494 sursum

168 2528 346 2567 vergens
388 2517 630 2568 superiorem
670 2517 833 2556 musculi
871 2519 987 2558 modo
1020 2519 1113 2559 dicti
1151 2522 1191 2561 et
1230 2521 1415 2567 tracheae
1454 2536 1554 2575 par-

169 2586 246 2624 tem
277 2585 565 2639 laryngemque
595 2584 671 2624 filis
702 2585 915 2638 adspergit
943 2588 1140 2629 nonnullis
1169 2601 1215 2630 ac
1245 2589 1387 2631 deinde
1415 2593 1554 2644 pergit

172 2653 220 2694 ad
253 2654 497 2706 superficiem
532 2654 692 2706 linguae
723 2655 959 2696 inferiorem.
